@article{Carusotto_2013,
	author={Iacopo Carusotto and Cristiano Ciuti},
	doi={10.1103/revmodphys.85.299},
	file={/home/berceanu/Development/thesis/references/review/Iacopo_Carusotto_Cristiano_Ciuti-Reviews_of_Modern_Physics-2013.pdf},
	journal={Reviews of Modern Physics},
	link={http://dx.doi.org/10.1103/revmodphys.85.299},
	month={feb},
	number={1},
	pages={299--366},
	publisher={American Physical Society ({APS})},
	tag={review},
	title={Quantum fluids of light},
	volume={85},
	year={2013},
}


@book{9780199228942,
	author={Alexey Kavokin and Jeremy J. Baumberg and Guillaume Malpuech and Fabrice P. Laussy},
	file={/home/berceanu/Development/thesis/references/book/Alexey_Kavokin_Jeremy_J_Baumberg_Guillaume_Malpuech_Fabrice_P_Laussy-Microcavities.pdf},
	isbn={9780199228942},
	publisher={Oxford University Press},
	tag={book},
	title={Microcavities},
	year={2007},
}


@article{Yu_2014,
	author={G. L. Yu and R. V. Gorbachev and J. S. Tu and A. V. Kretinin and Y. Cao and R. Jalil and F. Withers and L. A. Ponomarenko and B. A. Piot and M. Potemski and D. C. Elias and X. Chen and K. Watanabe and T. Taniguchi and I. V. Grigorieva and K. S. Novoselov and V. I. Fal'ko and A. K. Geim and A. Mishchenko},
	doi={10.1038/nphys2979},
	file={/home/berceanu/Development/thesis/references/topo/G_L_Yu_A_Mishchenko-Nat_Phys-2014.pdf},
	journal={Nat Phys},
	link={http://dx.doi.org/10.1038/nphys2979},
	month={jun},
	number={7},
	pages={525--529},
	publisher={Nature Publishing Group},
	tag={topo},
	title={Hierarchy of Hofstadter states and replica quantum Hall ferromagnetism in graphene superlattices},
	volume={10},
	year={2014},
}


@article{Ray_2014,
	author={M. W. Ray and E. Ruokokoski and S. Kandel and M. Möttönen and D. S. Hall},
	doi={10.1038/nature12954},
	file={/home/berceanu/Development/thesis/references/topo/M_W_Ray_D_S_Hall-Nature-2014.pdf},
	journal={Nature},
	link={http://dx.doi.org/10.1038/nature12954},
	month={jan},
	number={7485},
	pages={657--660},
	publisher={Nature Publishing Group},
	tag={topo},
	title={Observation of Dirac monopoles in a synthetic magnetic field},
	volume={505},
	year={2014},
}


@article{Qi_2011,
	author={Xiao-Liang Qi and Shou-Cheng Zhang},
	doi={10.1103/revmodphys.83.1057},
	file={/home/berceanu/Development/thesis/references/review/Xiao-Liang_Qi_Shou-Cheng_Zhang-Reviews_of_Modern_Physics-2011.pdf},
	journal={Reviews of Modern Physics},
	link={http://dx.doi.org/10.1103/revmodphys.83.1057},
	month={oct},
	number={4},
	pages={1057--1110},
	publisher={American Physical Society ({APS})},
	tag={review},
	title={Topological insulators and superconductors},
	volume={83},
	year={2011},
}


@article{Hafezi_2013,
	author={M. Hafezi and S. Mittal and J. Fan and A. Migdall and J. M. Taylor},
	doi={10.1038/nphoton.2013.274},
	file={/home/berceanu/Development/thesis/references/topo/M_Hafezi_J_M_Taylor-Nature_Photonics-2013.pdf},
	journal={Nature Photonics},
	link={http://dx.doi.org/10.1038/nphoton.2013.274},
	month={oct},
	number={12},
	pages={1001--1005},
	publisher={Nature Publishing Group},
	tag={topo},
	title={Imaging topological edge states in silicon photonics},
	volume={7},
	year={2013},
}


@book{9780198507192,
	author={Lev. P. Pitaevskii and S. Stringari},
	file={/home/berceanu/Development/thesis/references/book/Lev_P_Pitaevskii_S_Stringari-Bose-Einstein_Condensation.djvu},
	isbn={9780198507192},
	publisher={Clarendon Press},
	tag={book},
	title={Bose-Einstein Condensation},
	year={2004},
}
@article{Leboeuf_2010,
	author={Patricio Leboeuf and Simon Moulieras},
	doi={10.1103/physrevlett.105.163904},
	file={/home/berceanu/Development/thesis/references/superfluid/Patricio_Leboeuf_Simon_Moulieras-Phys_Rev_Lett-2010.pdf},
	journal={Phys. Rev. Lett.},
	link={http://dx.doi.org/10.1103/physrevlett.105.163904},
	month={oct},
	number={16},
	publisher={American Physical Society ({APS})},
	tag={superfluid},
	title={Superfluid Motion of Light},
	volume={105},
	year={2010},
}


@article{Susstrunk_2015,
	author={R. Susstrunk and S. D. Huber},
	doi={10.1126/science.aab0239},
	file={/home/berceanu/Development/thesis/references/topo/R_Susstrunk_S_D_Huber-Science-2015.pdf},
	journal={Science},
	link={http://dx.doi.org/10.1126/science.aab0239},
	month={jul},
	number={6243},
	pages={47--50},
	publisher={American Association for the Advancement of Science ({AAAS})},
	tag={topo},
	title={Observation of phononic helical edge states in a mechanical topological insulator},
	volume={349},
	year={2015},
}


@article{Ningyuan_2015,
	author={Jia Ningyuan and Clai Owens and Ariel Sommer and David Schuster and Jonathan Simon},
	doi={10.1103/physrevx.5.021031},
	file={/home/berceanu/Development/thesis/references/topo/Jia_Ningyuan_Jonathan_Simon-Phys_Rev_X-2015.pdf},
	journal={Phys. Rev. X},
	link={http://dx.doi.org/10.1103/physrevx.5.021031},
	month={jun},
	number={2},
	publisher={American Physical Society ({APS})},
	tag={topo},
	title={Time- and Site-Resolved Dynamics in a Topological Circuit},
	volume={5},
	year={2015},
}


@article{Jacqmin_2014,
	author={T. Jacqmin and I. Carusotto and I. Sagnes and M. Abbarchi and D. D. Solnyshkov and G. Malpuech and E. Galopin and A. Lema{\^{\i}}tre and J. Bloch and A. Amo},
	doi={10.1103/physrevlett.112.116402},
	file={/home/berceanu/Development/thesis/references/topo/T_Jacqmin_A_Amo-Phys_Rev_Lett-2014.pdf},
	journal={Phys. Rev. Lett.},
	link={http://dx.doi.org/10.1103/physrevlett.112.116402},
	month={mar},
	number={11},
	publisher={American Physical Society ({APS})},
	tag={topo},
	title={Direct Observation of Dirac Cones and a Flatband in a Honeycomb Lattice for Polaritons},
	volume={112},
	year={2014},
}


@article{Tosi_2011,
	author={G. Tosi and F. M. Marchetti and D. Sanvitto and C. Ant{\'{o}}n and M. H. Szyma{\'{n}}ska and A. Berceanu and C. Tejedor and L. Marrucci and A. Lema{\^{\i}}tre and J. Bloch and L. Vi{\~{n}}a},
	doi={10.1103/physrevlett.107.036401},
	file={/home/berceanu/Development/thesis/references/own/G_Tosi_L_Vina-Phys_Rev_Lett-2011.pdf},
	journal={Phys. Rev. Lett.},
	link={http://dx.doi.org/10.1103/physrevlett.107.036401},
	month={jul},
	number={3},
	publisher={American Physical Society ({APS})},
	tag={own},
	title={Onset and Dynamics of Vortex-Antivortex Pairs in Polariton Optical Parametric Oscillator Superfluids},
	volume={107},
	year={2011},
}


@article{Kolovsky_2014,
	author={Andrey R. Kolovsky and Fabian Grusdt and Michael Fleischhauer},
	doi={10.1103/physreva.89.033607},
	file={/home/berceanu/Development/thesis/references/topo/Andrey_R_Kolovsky_Michael_Fleischhauer-Phys_Rev_A-2014.pdf},
	journal={Phys. Rev. A},
	link={http://dx.doi.org/10.1103/physreva.89.033607},
	month={mar},
	number={3},
	publisher={American Physical Society ({APS})},
	tag={topo},
	title={Quantum particle in a parabolic lattice in the presence of a gauge field},
	volume={89},
	year={2014},
}


@article{Stuhl_2015,
	author={B. K. Stuhl and H.- I. Lu and L. M. Aycock and D. Genkina and I. B. Spielman},
	doi={10.1126/science.aaa8515},
	file={/home/berceanu/Development/thesis/references/topo/B_K_Stuhl_I_B_Spielman-Science-2015.pdf},
	journal={Science},
	link={http://dx.doi.org/10.1126/science.aaa8515},
	month={sep},
	number={6255},
	pages={1514--1518},
	publisher={American Association for the Advancement of Science ({AAAS})},
	tag={topo},
	title={Visualizing edge states with an atomic Bose gas in the quantum Hall regime},
	volume={349},
	year={2015},
}


@article{Berceanu_2012,
	author={A C Berceanu and E Cancellieri and F M Marchetti},
	doi={10.1088/0953-8984/24/23/235802},
	file={/home/berceanu/Development/thesis/references/own/A_C_Berceanu_F_M_Marchetti-Journal_of_Physics_Condensed_Matter-2012.pdf},
	journal={Journal of Physics: Condensed Matter},
	link={http://dx.doi.org/10.1088/0953-8984/24/23/235802},
	month={may},
	number={23},
	pages={235802},
	publisher={{IOP} Publishing},
	tag={own},
	title={Drag in a resonantly driven polariton fluid},
	volume={24},
	year={2012},
}


@article{Berceanu_2015,
	author={A. C. Berceanu and L. Dominici and I. Carusotto and D. Ballarini and E. Cancellieri and G. Gigli and M. H. Szyma{\'{n}}ska and D. Sanvitto and F. M. Marchetti},
	doi={10.1103/physrevb.92.035307},
	file={/home/berceanu/Development/thesis/references/own/A_C_Berceanu_F_M_Marchetti-Phys_Rev_B-2015.pdf},
	journal={Phys. Rev. B},
	link={http://dx.doi.org/10.1103/physrevb.92.035307},
	month={jul},
	number={3},
	publisher={American Physical Society ({APS})},
	tag={own},
	title={Multicomponent polariton superfluidity in the optical parametric oscillator regime},
	volume={92},
	year={2015},
}


@article{Asb_th_2009,
	author={J. K. Asb{\'{o}}th and A. R. Akhmerov and A. C. Berceanu and C. W. J. Beenakker},
	doi={10.1103/physrevb.80.224517},
	file={/home/berceanu/Development/thesis/references/own/J_K_Asboth_C_W_J_Beenakker-Phys_Rev_B-2009.pdf},
	journal={Phys. Rev. B},
	link={http://dx.doi.org/10.1103/physrevb.80.224517},
	month={dec},
	number={22},
	publisher={American Physical Society ({APS})},
	tag={own},
	title={Pseudodiffusive transmission of nodal Dirac fermions through a clean  d  -wave superconductor},
	volume={80},
	year={2009},
}


@article{Wouters_2010,
	author={Michiel Wouters and Iacopo Carusotto},
	doi={10.1103/physrevlett.105.020602},
	file={/home/berceanu/Development/thesis/references/superfluid/Michiel_Wouters_Iacopo_Carusotto-Phys_Rev_Lett-2010.pdf},
	journal={Phys. Rev. Lett.},
	link={http://dx.doi.org/10.1103/physrevlett.105.020602},
	month={jul},
	number={2},
	publisher={American Physical Society ({APS})},
	tag={superfluid},
	title={Superfluidity and Critical Velocities in Nonequilibrium Bose-Einstein Condensates},
	volume={105},
	year={2010},
}


@article{Ozawa_2015,
	author={Tomoki Ozawa and Hannah M. Price and Iacopo Carusotto},
	doi={10.1103/physreva.92.023609},
	file={/home/berceanu/Development/thesis/references/topo/Tomoki_Ozawa_Iacopo_Carusotto-Phys_Rev_A-2015.pdf},
	journal={Phys. Rev. A},
	link={http://dx.doi.org/10.1103/physreva.92.023609},
	month={aug},
	number={2},
	publisher={American Physical Society ({APS})},
	tag={topo},
	title={Momentum-space Harper-Hofstadter model},
	volume={92},
	year={2015},
}


@article{Lagoudakis_2011,
	author={K. G. Lagoudakis and F. Manni and B. Pietka and M. Wouters and T. C. H. Liew and V. Savona and A. V. Kavokin and R. Andr{\'{e}} and B. Deveaud-Pl{\'{e}}dran},
	doi={10.1103/physrevlett.106.115301},
	file={/home/berceanu/Development/thesis/references/vortices/K_G_Lagoudakis_B_Deveaud-Pledran-Phys_Rev_Lett-2011.pdf},
	journal={Phys. Rev. Lett.},
	link={http://dx.doi.org/10.1103/physrevlett.106.115301},
	month={mar},
	number={11},
	publisher={American Physical Society ({APS})},
	tag={vortices},
	title={Probing the Dynamics of Spontaneous Quantum Vortices in Polariton Superfluids},
	volume={106},
	year={2011},
}


@article{Carusotto_2006,
	author={I. Carusotto and S. X. Hu and L. A. Collins and A. Smerzi},
	doi={10.1103/physrevlett.97.260403},
	file={/home/berceanu/Development/thesis/references/drag/I_Carusotto_A_Smerzi-Phys_Rev_Lett-2006.pdf},
	journal={Phys. Rev. Lett.},
	link={http://dx.doi.org/10.1103/physrevlett.97.260403},
	month={dec},
	number={26},
	publisher={American Physical Society ({APS})},
	tag={drag},
	title={Bogoliubov-{\v{C}}erenkov Radiation in a Bose-Einstein Condensate Flowing against an Obstacle},
	volume={97},
	year={2006},
}


@article{Marchetti_2010,
	author={F. M. Marchetti and M. H. Szyma{\'{n}}ska and C. Tejedor and D. M. Whittaker},
	doi={10.1103/physrevlett.105.063902},
	file={/home/berceanu/Development/thesis/references/vortices/F_M_Marchetti_D_M_Whittaker-Phys_Rev_Lett-2010.pdf},
	journal={Phys. Rev. Lett.},
	link={http://dx.doi.org/10.1103/physrevlett.105.063902},
	month={aug},
	number={6},
	publisher={American Physical Society ({APS})},
	tag={vortices},
	title={Spontaneous and Triggered Vortices in Polariton Optical-Parametric-Oscillator Superfluids},
	volume={105},
	year={2010},
}


@article{Raman_1999,
	author={C. Raman and M. Köhl and R. Onofrio and D. S. Durfee and C. E. Kuklewicz and Z. Hadzibabic and W. Ketterle},
	doi={10.1103/physrevlett.83.2502},
	file={/home/berceanu/Development/thesis/references/drag/C_Raman_W_Ketterle-Phys_Rev_Lett-1999.pdf},
	journal={Phys. Rev. Lett.},
	link={http://dx.doi.org/10.1103/PhysRevLett.83.2502},
	month={sep},
	number={13},
	pages={2502--2505},
	publisher={American Physical Society ({APS})},
	tag={drag},
	title={Evidence for a Critical Velocity in a Bose-Einstein Condensed Gas},
	volume={83},
	year={1999},
}


@article{Keeling_2007,
	author={J Keeling and F M Marchetti and M H Szyma{\'{n}}ska and P B Littlewood},
	doi={10.1088/0268-1242/22/5/r01},
	file={/home/berceanu/Development/thesis/references/review/J_Keeling_P_B_Littlewood-Semiconductor_Science_and_Technology-2007.pdf},
	journal={Semiconductor Science and Technology},
	link={http://dx.doi.org/10.1088/0268-1242/22/5/r01},
	month={apr},
	number={5},
	pages={R1--R26},
	publisher={{IOP} Publishing},
	tag={review},
	title={Collective coherence in planar semiconductor microcavities},
	volume={22},
	year={2007},
}


@article{Amo_2009,
	author={Alberto Amo and J{\'{e}}r{\^{o}}me Lefr{\`{e}}re and Simon Pigeon and Claire Adrados and Cristiano Ciuti and Iacopo Carusotto and Romuald Houdr{\'{e}} and Elisabeth Giacobino and Alberto Bramati},
	doi={10.1038/nphys1364},
	file={/home/berceanu/Development/thesis/references/drag/Alberto_Amo_Alberto_Bramati-Nat_Phys-2009.pdf},
	journal={Nat Phys},
	link={http://dx.doi.org/10.1038/nphys1364},
	month={sep},
	number={11},
	pages={805--810},
	publisher={Nature Publishing Group},
	tag={drag},
	title={Superfluidity of polaritons in semiconductor microcavities},
	volume={5},
	year={2009},
}


@article{Cancellieri_2010,
	author={E. Cancellieri and F. M. Marchetti and M. H. Szyma{\'{n}}ska and C. Tejedor},
	doi={10.1103/physrevb.82.224512},
	file={/home/berceanu/Development/thesis/references/drag/E_Cancellieri_C_Tejedor-Phys_Rev_B-2010.pdf},
	journal={Phys. Rev. B},
	link={http://dx.doi.org/10.1103/physrevb.82.224512},
	month={dec},
	number={22},
	publisher={American Physical Society ({APS})},
	tag={drag},
	title={Superflow of resonantly driven polaritons against a defect},
	volume={82},
	year={2010},
}


@article{Wouters_2007,
	author={Michiel Wouters and Iacopo Carusotto},
	doi={10.1103/physreva.76.043807},
	file={/home/berceanu/Development/thesis/references/opo/Michiel_Wouters_Iacopo_Carusotto-Phys_Rev_A-2007.pdf},
	journal={Phys. Rev. A},
	link={http://dx.doi.org/10.1103/physreva.76.043807},
	month={oct},
	number={4},
	publisher={American Physical Society ({APS})},
	tag={opo},
	title={Goldstone mode of optical parametric oscillators in planar semiconductor microcavities in the strong-coupling regime},
	volume={76},
	year={2007},
}


@article{Flayac_2012,
	author={H Flayac and D D Solnyshkov and G Malpuech},
	doi={10.1088/1367-2630/14/8/085018},
	file={/home/berceanu/Development/thesis/references/topo/H_Flayac_G_Malpuech-New_Journal_of_Physics-2012.pdf},
	journal={New Journal of Physics},
	link={http://dx.doi.org/10.1088/1367-2630/14/8/085018},
	month={aug},
	number={8},
	pages={085018},
	publisher={{IOP} Publishing},
	tag={topo},
	title={Separation and acceleration of magnetic monopole analogs in semiconductor microcavities},
	volume={14},
	year={2012},
}


@article{Astrakharchik_2004,
	author={G. E. Astrakharchik and L. P. Pitaevskii},
	doi={10.1103/physreva.70.013608},
	file={/home/berceanu/Development/thesis/references/drag/G_E_Astrakharchik_L_P_Pitaevskii-Phys_Rev_A-2004.pdf},
	journal={Phys. Rev. A},
	link={http://dx.doi.org/10.1103/physreva.70.013608},
	month={jul},
	number={1},
	publisher={American Physical Society ({APS})},
	tag={drag},
	title={Motion of a heavy impurity through a Bose-Einstein condensate},
	volume={70},
	year={2004},
}


@article{Onofrio_2000,
	author={R. Onofrio and C. Raman and J. M. Vogels and J. R. Abo-Shaeer and A. P. Chikkatur and W. Ketterle},
	doi={10.1103/physrevlett.85.2228},
	file={/home/berceanu/Development/thesis/references/drag/R_Onofrio_W_Ketterle-Phys_Rev_Lett-2000.pdf},
	journal={Phys. Rev. Lett.},
	link={http://dx.doi.org/10.1103/PhysRevLett.85.2228},
	month={sep},
	number={11},
	pages={2228--2231},
	publisher={American Physical Society ({APS})},
	tag={drag},
	title={Observation of Superfluid Flow in a Bose-Einstein Condensed Gas},
	volume={85},
	year={2000},
}


@article{Cancellieri_2011,
	author={E. Cancellieri and F. M. Marchetti and M. H. Szyma{\'{n}}ska and C. Tejedor},
	doi={10.1103/physrevb.83.214507},
	file={/home/berceanu/Development/thesis/references/drag/E_Cancellieri_C_Tejedor-Phys_Rev_B-2011.pdf},
	journal={Phys. Rev. B},
	link={http://dx.doi.org/10.1103/physrevb.83.214507},
	month={jun},
	number={21},
	publisher={American Physical Society ({APS})},
	tag={drag},
	title={Multistability of a two-component exciton-polariton fluid},
	volume={83},
	year={2011},
}


@article{Van_Regemortel_2014,
	author={Mathias Van Regemortel and Michiel Wouters},
	doi={10.1103/physrevb.89.085303},
	file={/home/berceanu/Development/thesis/references/drag/Mathias_Van_Regemortel_Michiel_Wouters-Phys_Rev_B-2014.pdf},
	journal={Phys. Rev. B},
	link={http://dx.doi.org/10.1103/physrevb.89.085303},
	month={feb},
	number={8},
	publisher={American Physical Society ({APS})},
	tag={drag},
	title={Negative drag in nonequilibrium polariton quantum fluids},
	volume={89},
	year={2014},
}


@article{Pigeon_2011,
	author={S. Pigeon and I. Carusotto and C. Ciuti},
	doi={10.1103/physrevb.83.144513},
	file={/home/berceanu/Development/thesis/references/vortices/S_Pigeon_C_Ciuti-Phys_Rev_B-2011.pdf},
	journal={Phys. Rev. B},
	link={http://dx.doi.org/10.1103/physrevb.83.144513},
	month={apr},
	number={14},
	publisher={American Physical Society ({APS})},
	tag={vortices},
	title={Hydrodynamic nucleation of vortices and solitons in a resonantly excited polariton superfluid},
	volume={83},
	year={2011},
}


@article{Ciuti_2005,
	author={Cristiano Ciuti and Iacopo Carusotto},
	doi={10.1002/pssb.200560961},
	file={/home/berceanu/Development/thesis/references/drag/Cristiano_Ciuti_Iacopo_Carusotto-physica_status_solidi_b-2005.pdf},
	journal={physica status solidi (b)},
	link={http://dx.doi.org/10.1002/pssb.200560961},
	month={sep},
	number={11},
	pages={2224--2245},
	publisher={Wiley-Blackwell},
	tag={drag},
	title={Quantum fluid effects and parametric instabilities in microcavities},
	volume={242},
	year={2005},
}


@article{Sanvitto_2010,
	author={D. Sanvitto and F. M. Marchetti and M. H. Szyma{\'{n}}ska and G. Tosi and M. Baudisch and F. P. Laussy and D. N. Krizhanovskii and M. S. Skolnick and L. Marrucci and A. Lema{\^{\i}}tre and J. Bloch and C. Tejedor and L. Vi{\~{n}}a},
	doi={10.1038/nphys1668},
	file={/home/berceanu/Development/thesis/references/vortices/D_Sanvitto_L_Vina-Nat_Phys-2010.pdf},
	journal={Nat Phys},
	link={http://dx.doi.org/10.1038/nphys1668},
	month={may},
	number={7},
	pages={527--533},
	publisher={Nature Publishing Group},
	tag={vortices},
	title={Persistent currents and quantized vortices in a polariton superfluid},
	volume={6},
	year={2010},
}


@article{Keeling_2011,
	author={Jonathan Keeling and Natalia G. Berloff},
	doi={10.1080/00107514.2010.550120},
	file={/home/berceanu/Development/thesis/references/review/Jonathan_Keeling_Natalia_G_Berloff-Contemporary_Physics-2011.pdf},
	journal={Contemporary Physics},
	link={http://dx.doi.org/10.1080/00107514.2010.550120},
	month={mar},
	number={2},
	pages={131--151},
	publisher={Informa {UK} Limited},
	tag={review},
	title={Exciton{\textendash}polariton condensation},
	volume={52},
	year={2011},
}


@article{Xiao_2010,
	author={Di Xiao and Ming-Che Chang and Qian Niu},
	doi={10.1103/revmodphys.82.1959},
	file={/home/berceanu/Development/thesis/references/review/Di_Xiao_Qian_Niu-Reviews_of_Modern_Physics-2010.pdf},
	journal={Reviews of Modern Physics},
	link={http://dx.doi.org/10.1103/revmodphys.82.1959},
	month={jul},
	number={3},
	pages={1959--2007},
	publisher={American Physical Society ({APS})},
	tag={review},
	title={Berry phase effects on electronic properties},
	volume={82},
	year={2010},
}


@article{Hasan_2010,
	author={M. Z. Hasan and C. L. Kane},
	doi={10.1103/revmodphys.82.3045},
	file={/home/berceanu/Development/thesis/references/review/M_Z_Hasan_C_L_Kane-Reviews_of_Modern_Physics-2010.pdf},
	journal={Reviews of Modern Physics},
	link={http://dx.doi.org/10.1103/revmodphys.82.3045},
	month={nov},
	number={4},
	pages={3045--3067},
	publisher={American Physical Society ({APS})},
	tag={review},
	title={Colloquium : Topological insulators},
	volume={82},
	year={2010},
}


@article{Dalfovo_1999,
	author={Franco Dalfovo and Stefano Giorgini and Lev P. Pitaevskii and Sandro Stringari},
	doi={10.1103/revmodphys.71.463},
	file={/home/berceanu/Development/thesis/references/review/Franco_Dalfovo_Sandro_Stringari-Reviews_of_Modern_Physics-1999.pdf},
	journal={Reviews of Modern Physics},
	link={http://dx.doi.org/10.1103/RevModPhys.71.463},
	month={apr},
	number={3},
	pages={463--512},
	publisher={American Physical Society ({APS})},
	tag={review},
	title={Theory of Bose-Einstein condensation in trapped gases},
	volume={71},
	year={1999},
}


@article{Ciuti_2003,
	author={C Ciuti and P Schwendimann and A Quattropani},
	doi={10.1088/0268-1242/18/10/301},
	file={/home/berceanu/Development/thesis/references/review/C_Ciuti_A_Quattropani-Semiconductor_Science_and_Technology-2003.pdf},
	journal={Semiconductor Science and Technology},
	link={http://dx.doi.org/10.1088/0268-1242/18/10/301},
	month={sep},
	number={10},
	pages={S279--S293},
	publisher={{IOP} Publishing},
	tag={review},
	title={Theory of polariton parametric interactions in semiconductor microcavities},
	volume={18},
	year={2003},
}


@article{Kohmoto_1985,
	author={Mahito Kohmoto},
	doi={10.1016/0003-4916(85)90148-4},
	file={/home/berceanu/Development/thesis/references/topo/Mahito_Kohmoto_Mahito_Kohmoto-Annals_of_Physics-1985.pdf},
	journal={Annals of Physics},
	link={http://dx.doi.org/10.1016/0003-4916(85)90148-4},
	month={apr},
	number={2},
	pages={343--354},
	publisher={Elsevier {BV}},
	tag={topo},
	title={Topological invariant and the quantization of the Hall conductance},
	volume={160},
	year={1985},
}


@article{Bliokh_2005,
	author={K.Yu. Bliokh and Yu.P. Bliokh},
	doi={10.1016/j.aop.2005.03.001},
	file={/home/berceanu/Development/thesis/references/topo/KYu_Bliokh_YuP_Bliokh-Annals_of_Physics-2005.pdf},
	journal={Annals of Physics},
	link={http://dx.doi.org/10.1016/j.aop.2005.03.001},
	month={sep},
	number={1},
	pages={13--47},
	publisher={Elsevier {BV}},
	tag={topo},
	title={Spin gauge fields: From Berry phase to topological spin transport and Hall effects},
	volume={319},
	year={2005},
}


@article{Zak_1964,
	author={J. Zak},
	doi={10.1103/physrev.134.a1602},
	file={/home/berceanu/Development/thesis/references/topo/J_Zak_J_Zak-Phys_Rev-1964.pdf},
	journal={Phys. Rev.},
	link={http://dx.doi.org/10.1103/PhysRev.134.A1602},
	month={jun},
	number={6A},
	pages={A1602--A1606},
	publisher={American Physical Society ({APS})},
	tag={topo},
	title={Magnetic Translation Group},
	volume={134},
	year={1964},
}


@article{Zak_1964,
	author={J. Zak},
	doi={10.1103/physrev.134.a1607},
	file={/home/berceanu/Development/thesis/references/topo/J_Zak_J_Zak-Phys_Rev-1964 (2).pdf},
	journal={Phys. Rev.},
	link={http://dx.doi.org/10.1103/PhysRev.134.A1607},
	month={jun},
	number={6A},
	pages={A1607--A1611},
	publisher={American Physical Society ({APS})},
	tag={topo},
	title={Magnetic Translation Group. {II}. Irreducible Representations},
	volume={134},
	year={1964},
}


@article{Keeling_2008,
	author={Jonathan Keeling and Natalia G. Berloff},
	doi={10.1103/physrevlett.100.250401},
	file={/home/berceanu/Development/thesis/references/vortices/Jonathan_Keeling_Natalia_G_Berloff-Phys_Rev_Lett-2008.pdf},
	journal={Phys. Rev. Lett.},
	link={http://dx.doi.org/10.1103/physrevlett.100.250401},
	month={jun},
	number={25},
	publisher={American Physical Society ({APS})},
	tag={vortices},
	title={Spontaneous Rotating Vortex Lattices in a Pumped Decaying Condensate},
	volume={100},
	year={2008},
}


@article{Amo_2009_b,
	author={A. Amo and D. Sanvitto and F. P. Laussy and D. Ballarini and E. del Valle and M. D. Martin and A. Lema{\^{\i}}tre and J. Bloch and D. N. Krizhanovskii and M. S. Skolnick and C. Tejedor and L. Vi{\~{n}}a},
	doi={10.1038/nature07640},
	file={/home/berceanu/Development/thesis/references/opo/A_Amo_L_Vina-Nature-2009.pdf},
	journal={Nature},
	link={http://dx.doi.org/10.1038/nature07640},
	month={jan},
	number={7227},
	pages={291--295},
	publisher={Nature Publishing Group},
	tag={opo},
	title={Collective fluid dynamics of a polariton condensate in a semiconductor microcavity},
	volume={457},
	year={2009},
}


@article{Whittaker_2005,
	author={D. M. Whittaker},
	doi={10.1103/physrevb.71.115301},
	file={/home/berceanu/Development/thesis/references/opo/D_M_Whittaker_D_M_Whittaker-Phys_Rev_B-2005.pdf},
	journal={Phys. Rev. B},
	link={http://dx.doi.org/10.1103/physrevb.71.115301},
	month={mar},
	number={11},
	publisher={American Physical Society ({APS})},
	tag={opo},
	title={Effects of polariton-energy renormalization in the microcavity optical parametric oscillator},
	volume={71},
	year={2005},
}


@article{Price_2014,
	author={Hannah M. Price and Tomoki Ozawa and Iacopo Carusotto},
	doi={10.1103/physrevlett.113.190403},
	file={/home/berceanu/Development/thesis/references/topo/Hannah_M_Price_Iacopo_Carusotto-Phys_Rev_Lett-2014.pdf},
	journal={Phys. Rev. Lett.},
	link={http://dx.doi.org/10.1103/physrevlett.113.190403},
	month={nov},
	number={19},
	publisher={American Physical Society ({APS})},
	tag={topo},
	title={Quantum Mechanics with a Momentum-Space Artificial Magnetic Field},
	volume={113},
	year={2014},
}


@article{Ozawa_2014,
	author={Tomoki Ozawa and Iacopo Carusotto},
	doi={10.1103/physrevlett.112.133902},
	file={/home/berceanu/Development/thesis/references/topo/Tomoki_Ozawa_Iacopo_Carusotto-Phys_Rev_Lett-2014.pdf},
	journal={Phys. Rev. Lett.},
	link={http://dx.doi.org/10.1103/physrevlett.112.133902},
	month={apr},
	number={13},
	publisher={American Physical Society ({APS})},
	tag={topo},
	title={Anomalous and Quantum Hall Effects in Lossy Photonic Lattices},
	volume={112},
	year={2014},
}


@article{Price_2015,
	author={Hannah M. Price and Tomoki Ozawa and Nigel R. Cooper and Iacopo Carusotto},
	doi={10.1103/physreva.91.033606},
	file={/home/berceanu/Development/thesis/references/topo/Hannah_M_Price_Iacopo_Carusotto-Phys_Rev_A-2015.pdf},
	journal={Phys. Rev. A},
	link={http://dx.doi.org/10.1103/physreva.91.033606},
	month={mar},
	number={3},
	publisher={American Physical Society ({APS})},
	tag={topo},
	title={Artificial magnetic fields in momentum space in spin-orbit-coupled systems},
	volume={91},
	year={2015},
}


@article{Carusotto_2004,
	author={Iacopo Carusotto and Cristiano Ciuti},
	doi={10.1103/physrevlett.93.166401},
	file={/home/berceanu/Development/thesis/references/drag/Iacopo_Carusotto_Cristiano_Ciuti-Phys_Rev_Lett-2004.pdf},
	journal={Phys. Rev. Lett.},
	link={http://dx.doi.org/10.1103/physrevlett.93.166401},
	month={oct},
	number={16},
	publisher={American Physical Society ({APS})},
	tag={drag},
	title={Probing Microcavity Polariton Superfluidity through Resonant Rayleigh Scattering},
	volume={93},
	year={2004},
}


@article{Aidelsburger_2014,
	author={M. Aidelsburger and M. Lohse and C. Schweizer and M. Atala and J.~T. Barreiro and S. Nascimb{\`{e}}ne and N.~R. Cooper and I. Bloch and N. Goldman},
	doi={10.1038/nphys3171},
	file={/home/berceanu/Development/thesis/references/topo/M_Aidelsburger_N_Goldman-Nat_Phys-2014.pdf},
	journal={Nat Phys},
	link={http://dx.doi.org/10.1038/nphys3171},
	month={dec},
	number={2},
	pages={162--166},
	publisher={Nature Publishing Group},
	tag={topo},
	title={Measuring the Chern number of Hofstadter bands with ultracold bosonic atoms},
	volume={11},
	year={2014},
}


@article{Dean_2013,
	author={C. R. Dean and L. Wang and P. Maher and C. Forsythe and F. Ghahari and Y. Gao and J. Katoch and M. Ishigami and P. Moon and M. Koshino and T. Taniguchi and K. Watanabe and K. L. Shepard and J. Hone and P. Kim},
	doi={10.1038/nature12186},
	file={/home/berceanu/Development/thesis/references/topo/C_R_Dean_P_Kim-Nature-2013.pdf},
	journal={Nature},
	link={http://dx.doi.org/10.1038/nature12186},
	month={may},
	number={7451},
	pages={598--602},
	publisher={Nature Publishing Group},
	tag={topo},
	title={Hofstadter's butterfly and the fractal quantum Hall effect in moir{\'{e}} superlattices},
	volume={497},
	year={2013},
}


@article{Wouters_2011,
	author={Michiel Wouters},
	doi={10.1103/physrevb.84.224515},
	file={/home/berceanu/Development/thesis/references/drag/Michiel_Wouters_Michiel_Wouters-Phys_Rev_B-2011.pdf},
	journal={Phys. Rev. B},
	link={http://dx.doi.org/10.1103/physrevb.84.224515},
	month={dec},
	number={22},
	publisher={American Physical Society ({APS})},
	tag={drag},
	title={Stability of nonequilibrium polariton superflow in the presence of a cylindrical defect},
	volume={84},
	year={2011},
}


@article{Berry_1984,
	author={M. V. Berry},
	doi={10.1098/rspa.1984.0023},
	file={/home/berceanu/Development/thesis/references/topo/M_V_Berry_M_V_Berry-Proceedings_of_the_Royal_Society_A_Mathematical_Physical_and_Engineering_Sciences-1984.pdf},
	journal={Proceedings of the Royal Society A: Mathematical, Physical and Engineering Sciences},
	link={http://dx.doi.org/10.1098/rspa.1984.0023},
	month={mar},
	number={1802},
	pages={45--57},
	publisher={The Royal Society},
	tag={topo},
	title={Quantal Phase Factors Accompanying Adiabatic Changes},
	volume={392},
	year={1984},
}


@article{Wang_2009,
	author={Zheng Wang and Yidong Chong and J. D. Joannopoulos and Marin Solja{\v{c}}i{\'{c}}},
	doi={10.1038/nature08293},
	file={/home/berceanu/Development/thesis/references/topo/Zheng_Wang_Marin_Soljavcic-Nature-2009.pdf},
	journal={Nature},
	link={http://dx.doi.org/10.1038/nature08293},
	month={oct},
	number={7265},
	pages={772--775},
	publisher={Nature Publishing Group},
	tag={topo},
	title={Observation of unidirectional backscattering-immune topological electromagnetic states},
	volume={461},
	year={2009},
}


@article{Rechtsman_2013,
	author={Mikael C. Rechtsman and Julia M. Zeuner and Yonatan Plotnik and Yaakov Lumer and Daniel Podolsky and Felix Dreisow and Stefan Nolte and Mordechai Segev and Alexander Szameit},
	doi={10.1038/nature12066},
	file={/home/berceanu/Development/thesis/references/topo/Mikael_C_Rechtsman_Alexander_Szameit-Nature-2013.pdf},
	journal={Nature},
	link={http://dx.doi.org/10.1038/nature12066},
	month={apr},
	number={7444},
	pages={196--200},
	publisher={Nature Publishing Group},
	tag={topo},
	title={Photonic Floquet topological insulators},
	volume={496},
	year={2013},
}


@article{Larr__2012,
	author={P.-{\'{E}}. Larr{\'{e}} and N. Pavloff and A. M. Kamchatnov},
	doi={10.1103/physrevb.86.165304},
	file={/home/berceanu/Development/thesis/references/drag/P-E_Larre_A_M_Kamchatnov-Phys_Rev_B-2012.pdf},
	journal={Phys. Rev. B},
	link={http://dx.doi.org/10.1103/physrevb.86.165304},
	month={oct},
	number={16},
	publisher={American Physical Society ({APS})},
	tag={drag},
	title={Wave pattern induced by a localized obstacle in the flow of a one-dimensional polariton condensate},
	volume={86},
	year={2012},
}


@article{Hofstadter_1976,
	author={Douglas R. Hofstadter},
	doi={10.1103/physrevb.14.2239},
	file={/home/berceanu/Development/thesis/references/topo/Douglas_R_Hofstadter_Douglas_R_Hofstadter-Phys_Rev_B-1976.pdf},
	journal={Phys. Rev. B},
	link={http://dx.doi.org/10.1103/PhysRevB.14.2239},
	month={sep},
	number={6},
	pages={2239--2249},
	publisher={American Physical Society ({APS})},
	tag={topo},
	title={Energy levels and wave functions of Bloch electrons in rational and irrational magnetic fields},
	volume={14},
	year={1976},
}


@article{Harper_1955,
	author={P G Harper},
	doi={10.1088/0370-1298/68/10/304},
	file={/home/berceanu/Development/thesis/references/topo/P_G_Harper_P_G_Harper-Proc_Phys_Soc_A-1955.pdf},
	journal={Proc. Phys. Soc. A},
	link={http://dx.doi.org/10.1088/0370-1298/68/10/304},
	month={oct},
	number={10},
	pages={874--878},
	publisher={{IOP} Publishing},
	tag={topo},
	title={Single Band Motion of Conduction Electrons in a Uniform Magnetic Field},
	volume={68},
	year={1955},
}


@article{Thouless_1982,
	author={D. J. Thouless and M. Kohmoto and M. P. Nightingale and M. den Nijs},
	doi={10.1103/physrevlett.49.405},
	file={/home/berceanu/Development/thesis/references/topo/D_J_Thouless_M_den_Nijs-Phys_Rev_Lett-1982.pdf},
	journal={Phys. Rev. Lett.},
	link={http://dx.doi.org/10.1103/PhysRevLett.49.405},
	month={aug},
	number={6},
	pages={405--408},
	publisher={American Physical Society ({APS})},
	tag={topo},
	title={Quantized Hall Conductance in a Two-Dimensional Periodic Potential},
	volume={49},
	year={1982},
}


@article{Aidelsburger_2013,
	author={M. Aidelsburger and M. Atala and M. Lohse and J. T. Barreiro and B. Paredes and I. Bloch},
	doi={10.1103/physrevlett.111.185301},
	file={/home/berceanu/Development/thesis/references/topo/M_Aidelsburger_I_Bloch-Phys_Rev_Lett-2013.pdf},
	journal={Phys. Rev. Lett.},
	link={http://dx.doi.org/10.1103/physrevlett.111.185301},
	month={oct},
	number={18},
	publisher={American Physical Society ({APS})},
	tag={topo},
	title={Realization of the Hofstadter Hamiltonian with Ultracold Atoms in Optical Lattices},
	volume={111},
	year={2013},
}


@article{Solnyshkov_2012,
	author={D. D. Solnyshkov and H. Flayac and G. Malpuech},
	doi={10.1103/physrevb.85.073105},
	file={/home/berceanu/Development/thesis/references/topo/D_D_Solnyshkov_G_Malpuech-Phys_Rev_B-2012.pdf},
	journal={Phys. Rev. B},
	link={http://dx.doi.org/10.1103/physrevb.85.073105},
	month={feb},
	number={7},
	publisher={American Physical Society ({APS})},
	tag={topo},
	title={Stable magnetic monopoles in spinor polariton condensates},
	volume={85},
	year={2012},
}


@article{Scaffidi_2014,
	author={Thomas Scaffidi and Steven H. Simon},
	doi={10.1103/physrevb.90.115132},
	file={/home/berceanu/Development/thesis/references/topo/Thomas_Scaffidi_Steven_H_Simon-Phys_Rev_B-2014.pdf},
	journal={Phys. Rev. B},
	link={http://dx.doi.org/10.1103/physrevb.90.115132},
	month={sep},
	number={11},
	publisher={American Physical Society ({APS})},
	tag={topo},
	title={Exact solutions of fractional Chern insulators: Interacting particles in the Hofstadter model at finite size},
	volume={90},
	year={2014},
}


@article{Flayac_2011,
	author={H. Flayac and D. D. Solnyshkov and G. Malpuech},
	doi={10.1103/physrevb.83.193305},
	file={/home/berceanu/Development/thesis/references/superfluid/H_Flayac_G_Malpuech-Phys_Rev_B-2011.pdf},
	journal={Phys. Rev. B},
	link={http://dx.doi.org/10.1103/physrevb.83.193305},
	month={may},
	number={19},
	publisher={American Physical Society ({APS})},
	tag={superfluid},
	title={Oblique half-solitons and their generation in exciton-polariton condensates},
	volume={83},
	year={2011},
}


@article{Grusdt_2014,
	author={F. Grusdt and D. Abanin and E. Demler},
	doi={10.1103/physreva.89.043621},
	file={/home/berceanu/Development/thesis/references/topo/F_Grusdt_E_Demler-Phys_Rev_A-2014.pdf},
	journal={Phys. Rev. A},
	link={http://dx.doi.org/10.1103/physreva.89.043621},
	month={apr},
	number={4},
	publisher={American Physical Society ({APS})},
	tag={topo},
	title={Measuring   Z 2   topological invariants in optical lattices using interferometry},
	volume={89},
	year={2014},
}


@article{Miyake_2013,
	author={Hirokazu Miyake and Georgios A. Siviloglou and Colin J. Kennedy and William Cody Burton and Wolfgang Ketterle},
	doi={10.1103/physrevlett.111.185302},
	file={/home/berceanu/Development/thesis/references/topo/Hirokazu_Miyake_Wolfgang_Ketterle-Phys_Rev_Lett-2013.pdf},
	journal={Phys. Rev. Lett.},
	link={http://dx.doi.org/10.1103/physrevlett.111.185302},
	month={oct},
	number={18},
	publisher={American Physical Society ({APS})},
	tag={topo},
	title={Realizing the Harper Hamiltonian with Laser-Assisted Tunneling in Optical Lattices},
	volume={111},
	year={2013},
}


@article{Amo_2011,
	author={A. Amo and S. Pigeon and D. Sanvitto and V. G. Sala and R. Hivet and I. Carusotto and F. Pisanello and G. Lemenager and R. Houdre and E. Giacobino and C. Ciuti and A. Bramati},
	doi={10.1126/science.1202307},
	file={/home/berceanu/Development/thesis/references/drag/A_Amo_A_Bramati-Science-2011.pdf},
	journal={Science},
	link={http://dx.doi.org/10.1126/science.1202307},
	month={jun},
	number={6034},
	pages={1167--1170},
	publisher={American Association for the Advancement of Science ({AAAS})},
	tag={drag},
	title={Polariton Superfluids Reveal Quantum Hydrodynamic Solitons},
	volume={332},
	year={2011},
}


@article{Ianeselli_2006,
	author={Sara Ianeselli and Chiara Menotti and Augusto Smerzi},
	doi={10.1088/0953-4075/39/10/s13},
	file={/home/berceanu/Development/thesis/references/drag/Sara_Ianeselli_Augusto_Smerzi-J_Phys_B_At_Mol_Opt_Phys-2006.pdf},
	journal={J. Phys. B: At. Mol. Opt. Phys.},
	link={http://dx.doi.org/10.1088/0953-4075/39/10/s13},
	month={may},
	number={10},
	pages={S135--S142},
	publisher={{IOP} Publishing},
	tag={drag},
	title={Beyond the Landau criterion for superfluidity},
	volume={39},
	year={2006},
}

@article{Szyma_ska_2006,
	author={M. H. Szyma{\'{n}}ska and J. Keeling and P. B. Littlewood},
	doi={10.1103/physrevlett.96.230602},
	file={/home/berceanu/Development/thesis/references/drag/M_H_Szymanska_P_B_Littlewood-Phys_Rev_Lett-2006.pdf},
	journal={Phys. Rev. Lett.},
	link={http://dx.doi.org/10.1103/physrevlett.96.230602},
	month={jun},
	number={23},
	publisher={American Physical Society ({APS})},
	tag={drag},
	title={Nonequilibrium Quantum Condensation in an Incoherently Pumped Dissipative System},
	volume={96},
	year={2006},
}


@article{Amo_2010,
	author={A. Amo and S. Pigeon and C. Adrados and R. Houdr{\'{e}} and E. Giacobino and C. Ciuti and A. Bramati},
	doi={10.1103/physrevb.82.081301},
	file={/home/berceanu/Development/thesis/references/drag/A_Amo_A_Bramati-Phys_Rev_B-2010.pdf},
	journal={Phys. Rev. B},
	link={http://dx.doi.org/10.1103/physrevb.82.081301},
	month={aug},
	number={8},
	publisher={American Physical Society ({APS})},
	tag={drag},
	title={Light engineering of the polariton landscape in semiconductor microcavities},
	volume={82},
	year={2010},
}


@article{Nardin_2011,
	author={Gaël Nardin and Gabriele Grosso and Yoan L{\'{e}}ger and Barbara Pi{\c{e}}tka and Fran{\c{c}}ois Morier-Genoud and Beno{\^{\i}}t Deveaud-Pl{\'{e}}dran},
	doi={10.1038/nphys1959},
	file={/home/berceanu/Development/thesis/references/drag/Gael_Nardin_Benoit_Deveaud-Pledran-Nat_Phys-2011.pdf},
	journal={Nat Phys},
	link={http://dx.doi.org/10.1038/nphys1959},
	month={apr},
	number={8},
	pages={635--641},
	publisher={Nature Publishing Group},
	tag={drag},
	title={Hydrodynamic nucleation of quantized vortex pairs in a polariton quantum fluid},
	volume={7},
	year={2011},
}


@article{Cancellieri_2012,
	author={E. Cancellieri and F. M. Marchetti and M. H. Szyma{\'{n}}ska and D. Sanvitto and C. Tejedor},
	doi={10.1103/physrevlett.108.065301},
	file={/home/berceanu/Development/thesis/references/superfluid/E_Cancellieri_C_Tejedor-Phys_Rev_Lett-2012.pdf},
	journal={Phys. Rev. Lett.},
	link={http://dx.doi.org/10.1103/physrevlett.108.065301},
	month={feb},
	number={6},
	publisher={American Physical Society ({APS})},
	tag={superfluid},
	title={Frictionless Flow in a Binary Polariton Superfluid},
	volume={108},
	year={2012},
}


@article{Altman_2015,
	author={Ehud Altman and Lukas M. Sieberer and Leiming Chen and Sebastian Diehl and John Toner},
	doi={10.1103/physrevx.5.011017},
	file={/home/berceanu/Development/thesis/references/superfluid/Ehud_Altman_John_Toner-Phys_Rev_X-2015.pdf},
	journal={Phys. Rev. X},
	link={http://dx.doi.org/10.1103/physrevx.5.011017},
	month={feb},
	number={1},
	publisher={American Physical Society ({APS})},
	tag={superfluid},
	title={Two-Dimensional Superfluidity of Exciton Polaritons Requires Strong Anisotropy},
	volume={5},
	year={2015},
}


@article{Ciuti_2000,
	author={C. Ciuti and P. Schwendimann and B. Deveaud and A. Quattropani},
	doi={10.1103/physrevb.62.r4825},
	file={/home/berceanu/Development/thesis/references/opo/C_Ciuti_A_Quattropani-Phys_Rev_B-2000.pdf},
	journal={Phys. Rev. B},
	link={http://dx.doi.org/10.1103/PhysRevB.62.R4825},
	month={aug},
	number={8},
	pages={R4825--R4828},
	publisher={American Physical Society ({APS})},
	tag={opo},
	title={Theory of the angle-resonant polariton amplifier},
	volume={62},
	year={2000},
}


@article{Ciuti_2001,
	author={Cristiano Ciuti and Paolo Schwendimann and Antonio Quattropani},
	doi={10.1103/physrevb.63.041303},
	file={/home/berceanu/Development/thesis/references/opo/Cristiano_Ciuti_Antonio_Quattropani-Phys_Rev_B-2001.pdf},
	journal={Phys. Rev. B},
	link={http://dx.doi.org/10.1103/physrevb.63.041303},
	month={jan},
	number={4},
	publisher={American Physical Society ({APS})},
	tag={opo},
	title={Parametric luminescence of microcavity polaritons},
	volume={63},
	year={2001},
}


@article{Stevenson_2000,
	author={R. M. Stevenson and V. N. Astratov and M. S. Skolnick and D. M. Whittaker and M. Emam-Ismail and A. I. Tartakovskii and P. G. Savvidis and J. J. Baumberg and J. S. Roberts},
	doi={10.1103/physrevlett.85.3680},
	file={/home/berceanu/Development/thesis/references/opo/R_M_Stevenson_J_S_Roberts-Phys_Rev_Lett-2000.pdf},
	journal={Phys. Rev. Lett.},
	link={http://dx.doi.org/10.1103/PhysRevLett.85.3680},
	month={oct},
	number={17},
	pages={3680--3683},
	publisher={American Physical Society ({APS})},
	tag={opo},
	title={Continuous Wave Observation of Massive Polariton Redistribution by Stimulated Scattering in Semiconductor Microcavities},
	volume={85},
	year={2000},
}


@article{Savvidis_2000,
	author={P. G. Savvidis and J. J. Baumberg and R. M. Stevenson and M. S. Skolnick and D. M. Whittaker and J. S. Roberts},
	doi={10.1103/physrevlett.84.1547},
	file={/home/berceanu/Development/thesis/references/opo/P_G_Savvidis_J_S_Roberts-Phys_Rev_Lett-2000.pdf},
	journal={Phys. Rev. Lett.},
	link={http://dx.doi.org/10.1103/PhysRevLett.84.1547},
	month={feb},
	number={7},
	pages={1547--1550},
	publisher={American Physical Society ({APS})},
	tag={opo},
	title={Angle-Resonant Stimulated Polariton Amplifier},
	volume={84},
	year={2000},
}


@article{Savvidis_2000_b,
	author={P. G. Savvidis and J. J. Baumberg and R. M. Stevenson and M. S. Skolnick and D. M. Whittaker and J. S. Roberts},
	doi={10.1103/physrevb.62.r13278},
	file={/home/berceanu/Development/thesis/references/opo/P_G_Savvidis_J_S_Roberts-Phys_Rev_B-2000.pdf},
	journal={Phys. Rev. B},
	link={http://dx.doi.org/10.1103/PhysRevB.62.R13278},
	month={nov},
	number={20},
	pages={R13278--R13281},
	publisher={American Physical Society ({APS})},
	tag={opo},
	title={Asymmetric angular emission in semiconductor microcavities},
	volume={62},
	year={2000},
}


@article{Baumberg_2000,
	author={J. J. Baumberg and P. G. Savvidis and R. M. Stevenson and A. I. Tartakovskii and M. S. Skolnick and D. M. Whittaker and J. S. Roberts},
	doi={10.1103/physrevb.62.r16247},
	file={/home/berceanu/Development/thesis/references/opo/J_J_Baumberg_J_S_Roberts-Phys_Rev_B-2000.pdf},
	journal={Phys. Rev. B},
	link={http://dx.doi.org/10.1103/PhysRevB.62.R16247},
	month={dec},
	number={24},
	pages={R16247--R16250},
	publisher={American Physical Society ({APS})},
	tag={opo},
	title={Parametric oscillation in a vertical microcavity: A polariton condensate or micro-optical parametric oscillation},
	volume={62},
	year={2000},
}


@article{Saba_2001,
	author={M. Saba and C. Ciuti and J. Bloch and V. Thierry-Mieg and R. Andr{\'{e}} and Le Si Dang and S. Kundermann and A. Mura and G. Bongiovanni and J. L. Staehli and B. Deveaud},
	doi={10.1038/414731a},
	file={/home/berceanu/Development/thesis/references/opo/M_Saba_B_Deveaud-Nature-2001.pdf},
	journal={Nature},
	link={http://dx.doi.org/10.1038/414731a},
	month={dec},
	number={6865},
	pages={731--735},
	publisher={Nature Publishing Group},
	tag={opo},
	title={High-temperature ultrafast polariton parametric amplification in semiconductor microcavities},
	volume={414},
	year={2001},
}


@article{Edamatsu_2004,
	author={Keiichi Edamatsu and Goro Oohata and Ryosuke Shimizu and Tadashi Itoh},
	doi={10.1038/nature02838},
	file={/home/berceanu/Development/thesis/references/opo/Keiichi_Edamatsu_Tadashi_Itoh-Nature-2004.pdf},
	journal={Nature},
	link={http://dx.doi.org/10.1038/nature02838},
	month={sep},
	number={7005},
	pages={167--170},
	publisher={Nature Publishing Group},
	tag={opo},
	title={Generation of ultraviolet entangled photons in a semiconductor},
	volume={431},
	year={2004},
}


@article{Savasta_2005,
	author={S. Savasta and O. Di Stefano and V. Savona and W. Langbein},
	doi={10.1103/physrevlett.94.246401},
	file={/home/berceanu/Development/thesis/references/opo/S_Savasta_W_Langbein-Phys_Rev_Lett-2005.pdf},
	journal={Phys. Rev. Lett.},
	link={http://dx.doi.org/10.1103/physrevlett.94.246401},
	month={jun},
	number={24},
	publisher={American Physical Society ({APS})},
	tag={opo},
	title={Quantum Complementarity of Microcavity Polaritons},
	volume={94},
	year={2005},
}


@article{Lanco_2006,
	author={L. Lanco and S. Ducci and J.-P. Likforman and X. Marcadet and J. A. W. van Houwelingen and H. Zbinden and G. Leo and V. Berger},
	doi={10.1103/physrevlett.97.173901},
	file={/home/berceanu/Development/thesis/references/opo/L_Lanco_V_Berger-Phys_Rev_Lett-2006.pdf},
	journal={Phys. Rev. Lett.},
	link={http://dx.doi.org/10.1103/physrevlett.97.173901},
	month={oct},
	number={17},
	publisher={American Physical Society ({APS})},
	tag={opo},
	title={Semiconductor Waveguide Source of Counterpropagating Twin Photons},
	volume={97},
	year={2006},
}


@article{Abbarchi_2011,
	author={Marco Abbarchi and Vincenzo Ardizzone and Timoth{\'{e}}e Lecomte and Aristide Lema{\^{\i}}tre and Isabelle Sagnes and Pascale Senellart and Jacqueline Bloch and Philippe Roussignol and J{\'{e}}r{\^{o}}me Tignon},
	doi={10.1103/physrevb.83.201310},
	file={/home/berceanu/Development/thesis/references/opo/Marco_Abbarchi_Jerome_Tignon-Phys_Rev_B-2011.pdf},
	journal={Phys. Rev. B},
	link={http://dx.doi.org/10.1103/physrevb.83.201310},
	month={may},
	number={20},
	publisher={American Physical Society ({APS})},
	tag={opo},
	title={One-dimensional microcavity-based optical parametric oscillator: Generation of balanced twin beams in strong and weak coupling regime},
	volume={83},
	year={2011},
}


@article{Ardizzone_2012,
	author={Vincenzo Ardizzone and Marco Abbarchi and Aristide Lemaitre and Isabelle Sagnes and Pascale Senellart and Jacqueline Bloch and Claude Delalande and Jerome Tignon and Philippe Roussignol},
	doi={10.1103/physrevb.86.041301},
	file={/home/berceanu/Development/thesis/references/opo/Vincenzo_Ardizzone_Philippe_Roussignol-Phys_Rev_B-2012.pdf},
	journal={Phys. Rev. B},
	link={http://dx.doi.org/10.1103/physrevb.86.041301},
	month={jul},
	number={4},
	publisher={American Physical Society ({APS})},
	tag={opo},
	title={Bunching visibility of optical parametric emission in a semiconductor microcavity},
	volume={86},
	year={2012},
}


@article{Xie_2012,
	author={Wei Xie and Hongxing Dong and Saifeng Zhang and Liaoxin Sun and Weihang Zhou and Yanjing Ling and Jian Lu and Xuechu Shen and Zhanghai Chen},
	doi={10.1103/physrevlett.108.166401},
	file={/home/berceanu/Development/thesis/references/opo/Wei_Xie_Zhanghai_Chen-Phys_Rev_Lett-2012.pdf},
	journal={Phys. Rev. Lett.},
	link={http://dx.doi.org/10.1103/physrevlett.108.166401},
	month={apr},
	number={16},
	publisher={American Physical Society ({APS})},
	tag={opo},
	title={Room-Temperature Polariton Parametric Scattering Driven by a One-Dimensional Polariton Condensate},
	volume={108},
	year={2012},
}


@article{Lecomte_2013,
	author={Timoth{\'{e}}e Lecomte and Vincenzo Ardizzone and Marco Abbarchi and Carole Diederichs and Audrey Miard and Aristide Lemaitre and Isabelle Sagnes and Pascale Senellart and Jacqueline Bloch and Claude Delalande and Jerome Tignon and Philippe Roussignol},
	doi={10.1103/physrevb.87.155302},
	file={/home/berceanu/Development/thesis/references/opo/Timothee_Lecomte_Philippe_Roussignol-Phys_Rev_B-2013.pdf},
	journal={Phys. Rev. B},
	link={http://dx.doi.org/10.1103/physrevb.87.155302},
	month={apr},
	number={15},
	publisher={American Physical Society ({APS})},
	tag={opo},
	title={Optical parametric oscillation in one-dimensional microcavities},
	volume={87},
	year={2013},
}





@article{Leggett_1999,
	author={A. J. Leggett},
	doi={10.1103/revmodphys.71.s318},
	file={/home/berceanu/Development/thesis/references/review/A_J_Leggett_A_J_Leggett-Reviews_of_Modern_Physics-1999.pdf},
	journal={Reviews of Modern Physics},
	link={http://dx.doi.org/10.1103/RevModPhys.71.S318},
	month={mar},
	number={2},
	pages={S318--S323},
	publisher={American Physical Society ({APS})},
	tag={review},
	title={Superfluidity},
	volume={71},
	year={1999},
}


@article{Kasprzak_2006,
	author={J. Kasprzak and M. Richard and S. Kundermann and A. Baas and P. Jeambrun and J. M. J. Keeling and F. M. Marchetti and M. H. Szyma{\'{n}}ska and R. Andr{\'{e}} and J. L. Staehli and V. Savona and P. B. Littlewood and B. Deveaud and Le Si Dang},
	doi={10.1038/nature05131},
	file={/home/berceanu/Development/thesis/references/opo/J_Kasprzak_Le_Si_Dang-Nature-2006.pdf},
	journal={Nature},
	link={http://dx.doi.org/10.1038/nature05131},
	month={sep},
	number={7110},
	pages={409--414},
	publisher={Nature Publishing Group},
	tag={opo},
	title={Bose{\textendash}Einstein condensation of exciton polaritons},
	volume={443},
	year={2006},
}


@article{Szyma_ska_2010,
	author={M. H. Szyma{\'{n}}ska and F. M. Marchetti and D. Sanvitto},
	doi={10.1103/physrevlett.105.236402},
	file={/home/berceanu/Development/thesis/references/opo/M_H_Szymanska_D_Sanvitto-Phys_Rev_Lett-2010.pdf},
	journal={Phys. Rev. Lett.},
	link={http://dx.doi.org/10.1103/physrevlett.105.236402},
	month={nov},
	number={23},
	publisher={American Physical Society ({APS})},
	tag={opo},
	title={Propagating Wave Packets and Quantized Currents in Coherently Driven Polariton Superfluids},
	volume={105},
	year={2010},
}


@article{Whittaker_2005_c,
	author={D. M. Whittaker},
	doi={10.1002/pssc.200460300},
	file={/home/berceanu/Development/thesis/references/opo/D_M_Whittaker_D_M_Whittaker-phys_stat_sol_c-2005.pdf},
	journal={phys. stat. sol. (c)},
	link={http://dx.doi.org/10.1002/pssc.200460300},
	month={feb},
	number={2},
	pages={733--737},
	publisher={Wiley-Blackwell},
	tag={opo},
	title={Numerical modelling of the microcavity {OPO}},
	volume={2},
	year={2005},
}


@article{Zajac_2012,
	author={Joanna M. Zajac and Wolfgang Langbein},
	doi={10.1103/physrevb.86.195401},
	file={/home/berceanu/Development/thesis/references/opo/Joanna_M_Zajac_Wolfgang_Langbein-Phys_Rev_B-2012.pdf},
	journal={Phys. Rev. B},
	link={http://dx.doi.org/10.1103/physrevb.86.195401},
	month={nov},
	number={19},
	publisher={American Physical Society ({APS})},
	tag={opo},
	title={Structure and zero-dimensional polariton spectrum of natural defects in {GaAs}/{AlAs} microcavities},
	volume={86},
	year={2012},
}


@article{Wouters_2007_b,
	author={Michiel Wouters and Iacopo Carusotto},
	doi={10.1103/physrevb.75.075332},
	file={/home/berceanu/Development/thesis/references/opo/Michiel_Wouters_Iacopo_Carusotto-Phys_Rev_B-2007.pdf},
	journal={Phys. Rev. B},
	link={http://dx.doi.org/10.1103/physrevb.75.075332},
	month={feb},
	number={7},
	publisher={American Physical Society ({APS})},
	tag={opo},
	title={Parametric oscillation threshold of semiconductor microcavities in the strong coupling regime},
	volume={75},
	year={2007},
}


@article{Ballarini_2013,
	author={D. Ballarini and M. De Giorgi and E. Cancellieri and R. Houdr{\'{e}} and E. Giacobino and R. Cingolani and A. Bramati and G. Gigli and D. Sanvitto},
	doi={10.1038/ncomms2734},
	file={/home/berceanu/Development/thesis/references/opo/D_Ballarini_D_Sanvitto-Nature_Communications-2013.pdf},
	journal={Nature Communications},
	link={http://dx.doi.org/10.1038/ncomms2734},
	month={apr},
	pages={1778},
	publisher={Nature Publishing Group},
	tag={opo},
	title={All-optical polariton transistor},
	volume={4},
	year={2013},
}


@article{Dominici_2014,
	author={L. Dominici and D. Colas and S. Donati and J. P. Restrepo Cuartas and M. De Giorgi and D. Ballarini and G. Guirales and J. C. L{\'{o}}pez Carre{\~{n}}o and A. Bramati and G. Gigli and E. del Valle and F. P. Laussy and D. Sanvitto},
	doi={10.1103/physrevlett.113.226401},
	file={/home/berceanu/Development/thesis/references/opo/L_Dominici_D_Sanvitto-Phys_Rev_Lett-2014.pdf},
	journal={Phys. Rev. Lett.},
	link={http://dx.doi.org/10.1103/physrevlett.113.226401},
	month={nov},
	number={22},
	publisher={American Physical Society ({APS})},
	tag={opo},
	title={Ultrafast Control and Rabi Oscillations of Polaritons},
	volume={113},
	year={2014},
}

@article{PhysRevX.5.041028,
  title = {Nonequilibrium Phase Transition in a Two-Dimensional Driven Open Quantum System},
  author = {Dagvadorj, G. and Fellows, J. M. and Matyja\ifmmode \acute{s}\else \'{s}\fi{}kiewicz, S. and Marchetti, F. M. and Carusotto, I. and Szyma\ifmmode \acute{n}\else \'{n}\fi{}ska, M. H.},
  journal = {Phys. Rev. X},
  volume = {5},
  issue = {4},
  pages = {041028},
  numpages = {9},
  year = {2015},
  month = {Nov},
  publisher = {American Physical Society},
  doi = {10.1103/PhysRevX.5.041028},
  url = {http://link.aps.org/doi/10.1103/PhysRevX.5.041028}
}


@article{Keeling_2011_prl,
	author={Jonathan Keeling},
	doi={10.1103/physrevlett.107.080402},
	file={/home/berceanu/Development/thesis/references/opo/Jonathan_Keeling_Jonathan_Keeling-Phys_Rev_Lett-2011.pdf},
	journal={Phys. Rev. Lett.},
	link={http://dx.doi.org/10.1103/physrevlett.107.080402},
	month={aug},
	number={8},
	publisher={American Physical Society ({APS})},
	tag={opo},
	title={Superfluid Density of an Open Dissipative Condensate},
	volume={107},
	year={2011},
}


@incollection{9783540410478,
             year={2001},
             isbn={978-3-540-41047-8},
             booktitle={Coherent atomic matter waves},
             volume={72},
             series={Les Houches - Ecole d'Ete de Physique Theorique},
             editor={Kaiser, R. and Westbrook, C. and David, F.},
             doi={10.1007/3-540-45338-5_1},
             title={Bose-Einstein Condensates in Atomic Gases: Simple Theoretical Results},
             url={http://dx.doi.org/10.1007/3-540-45338-5_1},
             publisher={Springer Berlin Heidelberg},
             author={Castin, Y.},
             pages={1-136},
             language={English},
             tag={book},
             file={/home/berceanu/Development/thesis/references/book/Y_Castin-Bose-Einstein_Condensates_in_Atomic_Gases_Simple_Theoretical_Results.pdf},
}

@incollection{9783319002651,
             year={2013},
             isbn={978-3-319-00265-1},
             booktitle={Analogue Gravity Phenomenology},
             volume={870},
             series={Lecture Notes in Physics},
             editor={Faccio, Daniele and Belgiorno, Francesco and Cacciatori, Sergio and Gorini, Vittorio and Liberati, Stefano and Moschella, Ugo},
             doi={10.1007/978-3-319-00266-8_6},
             title={The C̆erenkov Effect Revisited: From Swimming Ducks to Zero Modes in Gravitational Analogues},
             url={http://dx.doi.org/10.1007/978-3-319-00266-8_6},
             publisher={Springer International Publishing},
             author={Carusotto, Iacopo and Rousseaux, Germain},
             pages={109-144},
             language={English},
             tag={book},
             file={/home/berceanu/Development/thesis/references/book/Iacopo_Carusotto_Germain_Rousseaux-The_Cerenkov_Effect_Revisited_From_Swimming_Ducks_to_Zero_Modes_in_Gravitational_Analogues.pdf},
}

@incollection{9783642241857,
             year={2012},
             isbn={978-3-642-24185-7},
             booktitle={Exciton Polaritons in Microcavities},
             volume={172},
             series={Springer Series in Solid-State Sciences},
             editor={Timofeev, Vladislav and Sanvitto, Daniele},
             doi={10.1007/978-3-642-24186-4_6},
             title={Vortices in Polariton OPO Superfluids},
             url={http://dx.doi.org/10.1007/978-3-642-24186-4_6},
             publisher={Springer Berlin Heidelberg},
             author={Marchetti, FrancescaM. and Szymańska, MarzenaH.},
             pages={173-213},
             language={English},
             tag={book},
             file={/home/berceanu/Development/thesis/references/book/Francesca_M_Marchetti_Marzena_H_Szymanska-Vortices_in_Polariton_OPO_Superfluids.pdf},
}
@article{Sanvitto_2011,
	author={D. Sanvitto and S. Pigeon and A. Amo and D. Ballarini and M. De Giorgi and I. Carusotto and R. Hivet and F. Pisanello and V. G. Sala and P. S. S. Guimaraes and R. Houdr{\'{e}} and E. Giacobino and C. Ciuti and A. Bramati and G. Gigli},
	doi={10.1038/nphoton.2011.211},
	file={/home/berceanu/Development/thesis/references/drag/D_Sanvitto_G_Gigli-Nature_Photonics-2011.pdf},
	journal={Nature Photonics},
	link={http://dx.doi.org/10.1038/nphoton.2011.211},
	month={sep},
	number={10},
	pages={610--614},
	publisher={Nature Publishing Group},
	tag={drag},
	title={All-optical control of the quantum flow of a polariton condensate},
	volume={5},
	year={2011},
}


@article{Castin_1998,
	author={Y. Castin and R. Dum},
	doi={10.1103/physreva.57.3008},
	file={/home/berceanu/Development/thesis/references/drag/Y_Castin_R_Dum-Phys_Rev_A-1998.pdf},
	journal={Phys. Rev. A},
	link={http://dx.doi.org/10.1103/PhysRevA.57.3008},
	month={apr},
	number={4},
	pages={3008--3021},
	publisher={American Physical Society ({APS})},
	tag={drag},
	title={Low-temperature Bose-Einstein condensates in time-dependent traps: Beyond the  U ( 1 )   symmetry-breaking approach},
	volume={57},
	year={1998},
}


@article{MOSTAFAZADEH_2010,
	author={Ali Mostafazadeh},
	doi={10.1142/s0219887810004816},
	file={/home/berceanu/Development/thesis/references/review/ALI_MOSTAFAZADEH_ALI_MOSTAFAZADEH-International_Journal_of_Geometric_Methods_in_Modern_Physics-2010.pdf},
	journal={International Journal of Geometric Methods in Modern Physics},
	link={http://dx.doi.org/10.1142/s0219887810004816},
	month={nov},
	number={07},
	pages={1191--1306},
	publisher={World Scientific Pub Co Pte Lt},
	tag={review},
	title={{PSEUDO}-{HERMITIAN} {REPRESENTATION} {OF} {QUANTUM} {MECHANICS}},
	volume={07},
	year={2010},
}


@article{Chikkatur_2000,
	author={A. P. Chikkatur and A. Görlitz and D. M. Stamper-Kurn and S. Inouye and S. Gupta and W. Ketterle},
	doi={10.1103/physrevlett.85.483},
	file={/home/berceanu/Development/thesis/references/drag/A_P_Chikkatur_W_Ketterle-Phys_Rev_Lett-2000.pdf},
	journal={Phys. Rev. Lett.},
	link={http://dx.doi.org/10.1103/PhysRevLett.85.483},
	month={jul},
	number={3},
	pages={483--486},
	publisher={American Physical Society ({APS})},
	tag={drag},
	title={Suppression and Enhancement of Impurity Scattering in a Bose-Einstein Condensate},
	volume={85},
	year={2000},
}


@book{deveaud2003electron,
  title={Electron and photon confinement in semiconductor nanostructures},
  author={Deveaud, Beno{\^\i}t and Schwendimann, Paolo},
  volume={150},
  year={2003},
  publisher={IOS Press}
}

@article{Ciuti1998,
  doi = {10.1103/physrevb.58.7926},
  url = {http://dx.doi.org/10.1103/PhysRevB.58.7926},
  year  = {1998},
  month = {sep},
  publisher = {American Physical Society ({APS})},
  volume = {58},
  number = {12},
  pages = {7926--7933},
  author = {C. Ciuti and V. Savona and C. Piermarocchi and A. Quattropani and P. Schwendimann},
  title = {Role of the exchange of carriers in elastic exciton-exciton scattering in quantum wells},
  journal = {Phys. Rev. B}
}

@article{Tassone1999,
  doi = {10.1103/physrevb.59.10830},
  url = {http://dx.doi.org/10.1103/PhysRevB.59.10830},
  year  = {1999},
  month = {apr},
  publisher = {American Physical Society ({APS})},
  volume = {59},
  number = {16},
  pages = {10830--10842},
  author = {F. Tassone and Y. Yamamoto},
  title = {Exciton-exciton scattering dynamics in a semiconductor microcavity and stimulated scattering into polaritons},
  journal = {Phys. Rev. B}
}

@article{Glazov2009,
  doi = {10.1103/physrevb.80.155306},
  url = {http://dx.doi.org/10.1103/PhysRevB.80.155306},
  year  = {2009},
  month = {oct},
  publisher = {American Physical Society ({APS})},
  volume = {80},
  number = {15},
  author = {M. M. Glazov and H. Ouerdane and L. Pilozzi and G. Malpuech and A. V. Kavokin and A. D'Andrea},
  title = {Polariton-polariton scattering in microcavities: A microscopic theory},
  journal = {Phys. Rev. B}
}

@article{Weisbuch1992,
  doi = {10.1103/physrevlett.69.3314},
  url = {http://dx.doi.org/10.1103/PhysRevLett.69.3314},
  year  = {1992},
  month = {dec},
  publisher = {American Physical Society ({APS})},
  volume = {69},
  number = {23},
  pages = {3314--3317},
  author = {C. Weisbuch and M. Nishioka and A. Ishikawa and Y. Arakawa},
  title = {Observation of the coupled exciton-photon mode splitting in a semiconductor quantum microcavity},
  journal = {Phys. Rev. Lett.}
}

@article{COMBESCOT2008,
  doi = {10.1016/j.physrep.2007.11.003},
  url = {http://dx.doi.org/10.1016/j.physrep.2007.11.003},
  year  = {2008},
  month = {jul},
  publisher = {Elsevier {BV}},
  volume = {463},
  number = {5-6},
  pages = {215--320},
  author = {M COMBESCOT and O BETBEDERMATIBET and F DUBIN},
  title = {The many-body physics of composite bosons},
  journal = {Physics Reports}
}

@article{Usui1960,
  doi = {10.1143/ptp.23.787},
  url = {http://dx.doi.org/10.1143/PTP.23.787},
  year  = {1960},
  month = {may},
  publisher = {Oxford University Press ({OUP})},
  volume = {23},
  number = {5},
  pages = {787--798},
  author = {Tunemaru Usui},
  title = {Excitations in a High Density Electron Gas. I},
  journal = {Prog. Theor. Phys.}
}

@article{Hopfield1958,
  doi = {10.1103/physrev.112.1555},
  url = {http://dx.doi.org/10.1103/PhysRev.112.1555},
  year  = {1958},
  month = {dec},
  publisher = {American Physical Society ({APS})},
  volume = {112},
  number = {5},
  pages = {1555--1567},
  author = {J. J. Hopfield},
  title = {Theory of the Contribution of Excitons to the Complex Dielectric Constant of Crystals},
  journal = {Phys. Rev.}
}

@book{burstein2012confined,
  title={Confined electrons and photons: new physics and applications},
  author={Burstein, Elias and Weisbuch, Claude},
  volume={340},
  year={2012},
  publisher={Springer Science \& Business Media}
}

@article{Ciuti2006,
  doi = {10.1103/physreva.74.033811},
  url = {http://dx.doi.org/10.1103/PhysRevA.74.033811},
  year  = {2006},
  month = {sep},
  publisher = {American Physical Society ({APS})},
  volume = {74},
  number = {3},
  author = {Cristiano Ciuti and Iacopo Carusotto},
  title = {Input-output theory of cavities in the ultrastrong coupling regime: The case of time-independent cavity parameters},
  journal = {Phys. Rev. A}
}

@article{Liew2011,
  doi = {10.1103/physreva.84.032301},
  url = {http://dx.doi.org/10.1103/PhysRevA.84.032301},
  year  = {2011},
  month = {sep},
  publisher = {American Physical Society ({APS})},
  volume = {84},
  number = {3},
  author = {T. C. H. Liew and V. Savona},
  title = {Multipartite polariton entanglement in semiconductor microcavities},
  journal = {Phys. Rev. A}
}

@book{boyd2003nonlinear,
  title={Nonlinear optics},
  author={Boyd, Robert W},
  year={2003},
  publisher={Academic press}
}

@article{Campbell2006,
  doi = {10.1103/physrevlett.96.020406},
  url = {http://dx.doi.org/10.1103/PhysRevLett.96.020406},
  year  = {2006},
  month = {jan},
  publisher = {American Physical Society ({APS})},
  volume = {96},
  number = {2},
  author = {Gretchen K. Campbell and Jongchul Mun and Micah Boyd and Erik W. Streed and Wolfgang Ketterle and David E. Pritchard},
  title = {Parametric Amplification of Scattered Atom Pairs},
  journal = {Phys. Rev. Lett.}
}



@article{Baumberg2000,
  doi = {10.1103/physrevb.62.r16247},
  url = {http://dx.doi.org/10.1103/PhysRevB.62.R16247},
  year  = {2000},
  month = {dec},
  publisher = {American Physical Society ({APS})},
  volume = {62},
  number = {24},
  pages = {R16247--R16250},
  author = {J. J. Baumberg and P. G. Savvidis and R. M. Stevenson and A. I. Tartakovskii and M. S. Skolnick and D. M. Whittaker and J. S. Roberts},
  title = {Parametric oscillation in a vertical microcavity: A polariton condensate or micro-optical parametric oscillation},
  journal = {Phys. Rev. B}
}



@article{Stevenson2000,
  doi = {10.1103/physrevlett.85.3680},
  url = {http://dx.doi.org/10.1103/PhysRevLett.85.3680},
  year  = {2000},
  month = {oct},
  publisher = {American Physical Society ({APS})},
  volume = {85},
  number = {17},
  pages = {3680--3683},
  author = {R. M. Stevenson and V. N. Astratov and M. S. Skolnick and D. M. Whittaker and M. Emam-Ismail and A. I. Tartakovskii and P. G. Savvidis and J. J. Baumberg and J. S. Roberts},
  title = {Continuous Wave Observation of Massive Polariton Redistribution by Stimulated Scattering in Semiconductor Microcavities},
  journal = {Phys. Rev. Lett.}
}

@article{Gippius2004,
  doi = {10.1209/epl/i2004-10133-6},
  url = {http://dx.doi.org/10.1209/epl/i2004-10133-6},
  year  = {2004},
  month = {sep},
  publisher = {{IOP} Publishing},
  volume = {67},
  number = {6},
  pages = {997--1003},
  author = {N. A Gippius and S. G Tikhodeev and V. D Kulakovskii and D. N Krizhanovskii and A. I Tartakovskii},
  title = { Nonlinear dynamics of polariton scattering in semiconductor microcavity: Bistability vs. stimulated scattering },
  journal = {Europhysics Letters ({EPL})}
}



@article{Whittaker2001,
  doi = {10.1103/physrevb.63.193305},
  url = {http://dx.doi.org/10.1103/PhysRevB.63.193305},
  year  = {2001},
  month = {apr},
  publisher = {American Physical Society ({APS})},
  volume = {63},
  number = {19},
  author = {D. M. Whittaker},
  title = {Classical treatment of parametric processes in a strong-coupling planar microcavity},
  journal = {Phys. Rev. B}
}



@article{Panzarini1999,
  doi = {10.1103/physrevb.59.5082},
  url = {http://dx.doi.org/10.1103/PhysRevB.59.5082},
  year  = {1999},
  month = {feb},
  publisher = {American Physical Society ({APS})},
  volume = {59},
  number = {7},
  pages = {5082--5089},
  author = {Giovanna Panzarini and Lucio Claudio Andreani and A. Armitage and D. Baxter and M. S. Skolnick and V. N. Astratov and J. S. Roberts and Alexey V. Kavokin and Maria R. Vladimirova and M. A. Kaliteevski},
  title = {Exciton-light coupling in single and coupled semiconductor microcavities: Polariton dispersion and polarization splitting},
  journal = {Phys. Rev. B}
}



@article{Kavokin2004,
  doi = {10.1103/physrevlett.92.017401},
  url = {http://dx.doi.org/10.1103/PhysRevLett.92.017401},
  year  = {2004},
  month = {jan},
  publisher = {American Physical Society ({APS})},
  volume = {92},
  number = {1},
  author = {K. V. Kavokin and I. A. Shelykh and A. V. Kavokin and G. Malpuech and P. Bigenwald},
  title = {Quantum Theory of Spin Dynamics of Exciton-Polaritons in Microcavities},
  journal = {Phys. Rev. Lett.}
}

@article{Baas2006,
  doi = {10.1103/physrevlett.96.176401},
  url = {http://dx.doi.org/10.1103/PhysRevLett.96.176401},
  year  = {2006},
  month = {may},
  publisher = {American Physical Society ({APS})},
  volume = {96},
  number = {17},
  author = {A. Baas and J.-Ph. Karr and M. Romanelli and A. Bramati and E. Giacobino},
  title = {Quantum Degeneracy of Microcavity Polaritons},
  journal = {Phys. Rev. Lett.}
}

@article{Carusotto2005,
  doi = {10.1103/physrevb.72.125335},
  url = {http://dx.doi.org/10.1103/PhysRevB.72.125335},
  year  = {2005},
  month = {sep},
  publisher = {American Physical Society ({APS})},
  volume = {72},
  number = {12},
  author = {Iacopo Carusotto and Cristiano Ciuti},
  title = {Spontaneous microcavity-polariton coherence across the parametric threshold: Quantum Monte Carlo studies},
  journal = {Phys. Rev. B}
}



@article{Dasbach2005,
  doi = {10.1103/physrevb.71.161308},
  url = {http://dx.doi.org/10.1103/PhysRevB.71.161308},
  year  = {2005},
  month = {apr},
  publisher = {American Physical Society ({APS})},
  volume = {71},
  number = {16},
  author = {G. Dasbach and C. Diederichs and J. Tignon and C. Ciuti and Ph. Roussignol and C. Delalande and M. Bayer and A. Forchel},
  title = {Polarization inversion via parametric scattering in quasi-one-dimensional microcavities},
  journal = {Phys. Rev. B}
}



@article{Baas2004,
  doi = {10.1103/physrevb.70.161307},
  url = {http://dx.doi.org/10.1103/PhysRevB.70.161307},
  year  = {2004},
  month = {oct},
  publisher = {American Physical Society ({APS})},
  volume = {70},
  number = {16},
  author = {A. Baas and J.-Ph. Karr and M. Romanelli and A. Bramati and E. Giacobino},
  title = {Optical bistability in semiconductor microcavities in the nondegenerate parametric oscillation regime: Analogy with the optical parametric oscillator},
  journal = {Phys. Rev. B}
}

@article{Roumpos2012,
  doi = {10.1073/pnas.1107970109},
  url = {http://dx.doi.org/10.1073/pnas.1107970109},
  year  = {2012},
  month = {apr},
  publisher = {Proceedings of the National Academy of Sciences},
  volume = {109},
  number = {17},
  pages = {6467--6472},
  author = {G. Roumpos and M. Lohse and W. H. Nitsche and J. Keeling and M. H. Szymanska and P. B. Littlewood and A. Loffler and S. Hofling and L. Worschech and A. Forchel and Y. Yamamoto},
  title = {Power-law decay of the spatial correlation function in exciton-polariton condensates},
  journal = {Proceedings of the National Academy of Sciences}
}

@Misc{SM,
  note = 	 {See Supplemental Material at ... for details on the
                  model, used parameters, and numerical procedures.}}



@article{Berceanu2016,
  doi = {10.1103/physreva.93.013827},
  url = {http://dx.doi.org/10.1103/PhysRevA.93.013827},
  year  = {2016},
  month = {jan},
  publisher = {American Physical Society ({APS})},
  volume = {93},
  number = {1},
  author = {Andrei C. Berceanu and Hannah M. Price and Tomoki Ozawa and Iacopo Carusotto},
  title = {Momentum-space Landau levels in driven-dissipative cavity arrays},
  journal = {Phys. Rev. A}
}


@Comment Bibliography for topological Landau levels follows

@article{ozawa2014qhe,
  title = {Anomalous and Quantum Hall Effects in Lossy Photonic Lattices},
  author = {Ozawa, Tomoki and Carusotto, Iacopo},
  journal = {Phys. Rev. Lett.},
  volume = {112},
  issue = {13},
  pages = {133902},
  numpages = {5},
  year = {2014},
  month = {Apr},
  publisher = {American Physical Society},
  doi = {10.1103/PhysRevLett.112.133902},
  url = {http://link.aps.org/doi/10.1103/PhysRevLett.112.133902}
}

@article{price2015sporbit,
  title = {Artificial magnetic fields in momentum space in spin-orbit-coupled systems},
  author = {Price, Hannah M. and Ozawa, Tomoki and Cooper, Nigel R. and Carusotto, Iacopo},
  journal = {Phys. Rev. A},
  volume = {91},
  issue = {3},
  pages = {033606},
  numpages = {18},
  year = {2015},
  month = {Mar},
  publisher = {American Physical Society},
  doi = {10.1103/PhysRevA.91.033606},
  url = {http://link.aps.org/doi/10.1103/PhysRevA.91.033606}
}


@article{spielman_gauge,
  author={L. J. LeBlanc and K. Jim{\'{e}}nez-Garc{\'{\i}}a and R. A. Williams and M. C. Beeler and W. D. Phillips and I. B. Spielman},
  title={Gauge matters: observing the vortex-nucleation transition in a Bose condensate},
  journal={New J. Phys.},
  volume={17},
  number={6},
  pages={065016},
  url={http://stacks.iop.org/1367-2630/17/i=6/a=065016},
  year={2015},
  abstract={The order parameter of a quantum-coherent many-body system can include a phase degree of freedom, which, in the presence of an electromagnetic field, depends on the choice of gauge. Because of the relationship between the phase gradient and the velocity, time-of-flight measurements reveal this gradient. Here, we describe such measurements of initially trapped Bose窶摘instein condensates (BECs) subject to an artificial magnetic field. Vortices nucleated in the BEC for artificial field strengths above a critical value, which represented a structural phase transition. By comparing to superfluid-hydrodynamic and Gross窶撤itaevskii calculations, we confirmed that the transition from the vortex-free state gives rise to a shear in the released BEC's spatial distribution, representing a macroscopic method to measure this transition, distinct from direct imaging of vortex entry. Shear is also affected by an artificial electric field accompanying the artificial magnetic field turn-off, which depends on the details of the physical mechanism creating the artificial fields, and implies a most natural choice of gauge. Measurements of this kind offer opportunities for studying phase in less-well-understood quantum gas systems.}
}
	


@article{hafezi2013imaging,
  year  = {2013},
  month = {oct},
  publisher = {Nature Publishing Group},
  volume = {7},
  number = {12},
  pages = {1001--1005},
  author = {M. Hafezi and S. Mittal and J. Fan and A. Migdall and J. M. Taylor},
  title = {Imaging topological edge states in silicon photonics},
  journal = {Nature Photon.},
    doi = {10.1038/nphoton.2013.274},
  url = {http://dx.doi.org/10.1038/nphoton.2013.274}
}


@article{price2014magnetic,
  title = {Quantum Mechanics with a Momentum-Space Artificial Magnetic Field},
  author = {Price, Hannah M. and Ozawa, Tomoki and Carusotto, Iacopo},
  journal = {Phys. Rev. Lett.},
  volume = {113},
  issue = {19},
  pages = {190403},
  numpages = {5},
  year = {2014},
  month = {Nov},
  publisher = {American Physical Society},
  doi = {10.1103/PhysRevLett.113.190403},
  url = {http://link.aps.org/doi/10.1103/PhysRevLett.113.190403}
}

@article{kolovsky2014trap,
  title = {Quantum particle in a parabolic lattice in the presence of a gauge field},
  author = {Kolovsky, Andrey R. and Grusdt, Fabian and Fleischhauer, Michael},
  journal = {Phys. Rev. A},
  volume = {89},
  issue = {3},
  pages = {033607},
  numpages = {9},
  year = {2014},
  month = {Mar},
  publisher = {American Physical Society},
  doi = {10.1103/PhysRevA.89.033607},
  url = {http://link.aps.org/doi/10.1103/PhysRevA.89.033607},
}

@article{jacqmin2014dirac,
  title = {Direct Observation of Dirac Cones and a Flatband in a Honeycomb Lattice for Polaritons},
  author = {Jacqmin, T. and Carusotto, I. and Sagnes, I. and Abbarchi, M. and Solnyshkov, D. D. and Malpuech, G. and Galopin, E. and Lema\^{i}tre, A. and Bloch, J. and Amo, A.},
  journal = {Phys. Rev. Lett.},
  volume = {112},
  issue = {11},
  pages = {116402},
  numpages = {5},
  year = {2014},
  month = {Mar},
  publisher = {American Physical Society},
  doi = {10.1103/PhysRevLett.112.116402},
  url = {http://link.aps.org/doi/10.1103/PhysRevLett.112.116402},
}

@article{carusotto2013fluids,
  title = {Quantum fluids of light},
  author = {Carusotto, Iacopo and Ciuti, Cristiano},
  journal = {Rev. Mod. Phys.},
  volume = {85},
  issue = {1},
  pages = {299--366},
  numpages = {0},
  year = {2013},
  month = {Feb},
  publisher = {American Physical Society},
  doi = {10.1103/RevModPhys.85.299},
  url = {http://link.aps.org/doi/10.1103/RevModPhys.85.299}
}

@article{zak1964group,
  doi = {10.1103/physrev.134.a1602},
  url = {http://dx.doi.org/10.1103/PhysRev.134.A1602},
  year  = {1964},
  month = {jun},
  publisher = {American Physical Society ({APS})},
  volume = {134},
  number = {6A},
  pages = {A1602--A1606},
  author = {J. Zak},
  title = {Magnetic Translation Group},
  journal = {Phys. Rev.}
}

@article{zak1964representations,
  doi = {10.1103/physrev.134.a1607},
  url = {http://dx.doi.org/10.1103/PhysRev.134.A1607},
  year  = {1964},
  month = {jun},
  publisher = {American Physical Society ({APS})},
  volume = {134},
  number = {6A},
  pages = {A1607--A1611},
  author = {J. Zak},
  title = {Magnetic Translation Group. {II}. Irreducible Representations},
  journal = {Phys. Rev.}
}

@article{harper1955magnetic,
  doi = {10.1088/0370-1298/68/10/304},
  url = {http://dx.doi.org/10.1088/0370-1298/68/10/304},
  year  = {1955},
  month = {oct},
  publisher = {{IOP} Publishing},
  volume = {68},
  number = {10},
  pages = {874--878},
  author = {P G Harper},
  title = {Single Band Motion of Conduction Electrons in a Uniform Magnetic Field},
  journal = {Proc. Phys. Soc. A}
}

@article{hofstadter1976butterfly,
  title = {Energy levels and wave functions of Bloch electrons in rational and irrational magnetic fields},
  author = {Hofstadter, Douglas R.},
  journal = {Phys. Rev. B},
  volume = {14},
  issue = {6},
  pages = {2239--2249},
  numpages = {0},
  year = {1976},
  month = {Sep},
  publisher = {American Physical Society},
  doi = {10.1103/PhysRevB.14.2239},
  url = {http://link.aps.org/doi/10.1103/PhysRevB.14.2239}
}

@article{bezanson2014julia,
author = {Jeff Bezanson and Alan Edelman and Stefan Karpinski and Viral B. Shah},
journal = {{arXiv}:1411.1607 [cs.MS]},
title = {{J}ulia: A Fresh Approach to Numerical Computing},
url = {http://arxiv.org/abs/1411.1607},
year= {2014},
}

% References from Hannah

@article{aidelsburger2013hh,
  title = {realization of the Hofstadter Hamiltonian with Ultracold Atoms in Optical Lattices},
  author = {Aidelsburger, M. and Atala, M. and Lohse, M. and Barreiro, J. T. and Paredes, B. and Bloch, I.},
  journal = {Phys. Rev. Lett.},
  volume = {111},
  issue = {18},
  pages = {185301},
  numpages = {5},
  year = {2013},
  month = {Oct},
  publisher = {American Physical Society},
  doi = {10.1103/PhysRevLett.111.185301},
  url = {http://link.aps.org/doi/10.1103/PhysRevLett.111.185301},
}

@article{miyake2013hh,
  title = {Realizing the Harper Hamiltonian with Laser-Assisted Tunneling in Optical Lattices},
  author = {Miyake, Hirokazu and Siviloglou, Georgios A. and Kennedy, Colin J. and Burton, William Cody and Ketterle, Wolfgang},
  journal = {Phys. Rev. Lett.},
  volume = {111},
  issue = {18},
  pages = {185302},
  numpages = {5},
  year = {2013},
  month = {Oct},
  publisher = {American Physical Society},
  doi = {10.1103/PhysRevLett.111.185302},
  url = {http://link.aps.org/doi/10.1103/PhysRevLett.111.185302},
}





@article{kennedy2015bec,
author = {{Kennedy}, C.~J. and {Cody Burton}, W. and {Chung}, W.~C. and 
	{Ketterle}, W.},
journal = {Nature Phys.},
title = "{Observation of Bose-Einstein Condensation in a Strong Synthetic Magnetic Field}",
  year  = {2015},
  volume = {11},
    pages = {859--864},
url = {http://dx.doi.org/10.1038/nphys3421},
}


@article{mancini2015edge,
author = {Mancini, M. and Pagano, G. and Cappellini, G. and Livi, L. and Rider, M. and Catani, J. and Sias, C. and Zoller, P. and Inguscio, M. and Dalmonte, M. and Fallani, L.}, 
title = {Observation of chiral edge states with neutral fermions in synthetic Hall ribbons},
volume = {349}, 
number = {6255}, 
pages = {1510-1513}, 
year = {2015}, 
doi = {10.1126/science.aaa8736}, 
URL = {http://www.sciencemag.org/content/349/6255/1510.abstract}, 
journal = {Science} 
}


@article{stuhl2015edge,
author = {Stuhl, B. K. and Lu, H.-I. and Aycock, L. M. and Genkina, D. and Spielman, I. B.}, 
title = {Visualizing edge states with an atomic Bose gas in the quantum Hall regime},
volume = {349}, 
number = {6255}, 
pages = {1514-1518}, 
year = {2015}, 
doi = {10.1126/science.aaa8515}, 
URL = {http://www.sciencemag.org/content/349/6255/1514.abstract}, 
journal = {Science} 
}

@article{jia2013circuits,
  title = {Time- and Site-Resolved Dynamics in a Topological Circuit},
  author = {Ningyuan, Jia and Owens, Clai and Sommer, Ariel and Schuster, David and Simon, Jonathan},
  journal = {Phys. Rev. X},
  volume = {5},
  issue = {2},
  pages = {021031},
  numpages = {7},
  year = {2015},
  month = {Jun},
  publisher = {American Physical Society},
  doi = {10.1103/PhysRevX.5.021031},
  url = {http://link.aps.org/doi/10.1103/PhysRevX.5.021031}
}



@article{susstrunk2015pendula,
author = {S\"{u}sstrunk, Roman and Huber, Sebastian D.}, 
title = {Observation of phononic helical edge states in a mechanical topological insulator},
volume = {349}, 
number = {6243}, 
pages = {47-50}, 
year = {2015}, 
doi = {10.1126/science.aab0239}, 
abstract ={A topological insulator, as originally proposed for electrons governed by quantum mechanics, is characterized by a dichotomy between the interior and the edge of a finite system: The bulk has an energy gap, and the edges sustain excitations traversing this gap. However, it has remained an open question whether the same physics can be observed for systems obeying Newtonﾕs equations of motion. We conducted experiments to characterize the collective behavior of mechanical oscillators exhibiting the phenomenology of the quantum spin Hall effect. The phononic edge modes are shown to be helical, and we demonstrate their topological protection via the stability of the edge states against imperfections. Our results may enable the design of topological acoustic metamaterials that can capitalize on the stability of the surface phonons as reliable wave guides.}, 
URL = {http://www.sciencemag.org/content/349/6243/47.abstract}, 
journal = {Science} 
}


@article{dean2013hofstadter,
  doi = {10.1038/nature12186},
  url = {http://dx.doi.org/10.1038/nature12186},
  year  = {2013},
  month = {may},
  publisher = {Nature Publishing Group},
  volume = {497},
  number = {7451},
  pages = {598--602},
  author = {C. R. Dean and L. Wang and P. Maher and C. Forsythe and F. Ghahari and Y. Gao and J. Katoch and M. Ishigami and P. Moon and M. Koshino and T. Taniguchi and K. Watanabe and K. L. Shepard and J. Hone and P. Kim},
  title = {Hofstadter's butterfly and the fractal quantum Hall effect in moir{\'{e}} superlattices},
  journal = {Nature},
}

@article{yu2014hierarchy,
  doi = {10.1038/nphys2979},
  url = {http://dx.doi.org/10.1038/nphys2979},
  year  = {2014},
  month = {jun},
  publisher = {Nature Publishing Group},
  volume = {10},
  number = {7},
  pages = {525--529},
  author = {G. L. Yu et. al.},
  title = {Hierarchy of Hofstadter states and replica quantum Hall ferromagnetism in graphene superlattices},
  journal = {Nature Phys.},
}

@article{ozawa2014momhh,
  title = {Momentum-space Harper-Hofstadter model},
  author = {Ozawa, Tomoki and Price, Hannah M. and Carusotto, Iacopo},
  journal = {Phys. Rev. A},
  volume = {92},
  issue = {2},
  pages = {023609},
  numpages = {10},
  year = {2015},
  month = {Aug},
  publisher = {American Physical Society},
  doi = {10.1103/PhysRevA.92.023609},
  url = {http://link.aps.org/doi/10.1103/PhysRevA.92.023609}
}




@article{thouless1982hall,
  title = {Quantized Hall Conductance in a Two-Dimensional Periodic Potential},
  author = {Thouless, D. J. and Kohmoto, M. and Nightingale, M. P. and den Nijs, M.},
  journal = {Phys. Rev. Lett.},
  volume = {49},
  issue = {6},
  pages = {405--408},
  numpages = {0},
  year = {1982},
  month = {Aug},
  publisher = {American Physical Society},
  doi = {10.1103/PhysRevLett.49.405},
  url = {http://link.aps.org/doi/10.1103/PhysRevLett.49.405},
}

@article{kohmoto1985topological,
  doi = {10.1016/0003-4916(85)90148-4},
  url = {http://dx.doi.org/10.1016/0003-4916(85)90148-4},
  year  = {1985},
  month = {apr},
  publisher = {Elsevier {BV}},
  volume = {160},
  number = {2},
  pages = {343--354},
  author = {Mahito Kohmoto},
  title = {Topological invariant and the quantization of the Hall conductance},
  journal = {Annals of Physics},
}


@article{kane2010review,
  title = {\textit{Colloquium}  : Topological insulators},
  author = {Hasan, M. Z. and Kane, C. L.},
  journal = {Rev. Mod. Phys.},
  volume = {82},
  issue = {4},
  pages = {3045--3067},
  numpages = {0},
  year = {2010},
  month = {Nov},
  publisher = {American Physical Society},
  doi = {10.1103/RevModPhys.82.3045},
  url = {http://link.aps.org/doi/10.1103/RevModPhys.82.3045},
}

@article{zhang2011review,
  title = {Topological insulators and superconductors},
  author = {Qi, Xiao-Liang and Zhang, Shou-Cheng},
  journal = {Rev. Mod. Phys.},
  volume = {83},
  issue = {4},
  pages = {1057--1110},
  numpages = {0},
  year = {2011},
  month = {Oct},
  publisher = {American Physical Society},
  doi = {10.1103/RevModPhys.83.1057},
  url = {http://link.aps.org/doi/10.1103/RevModPhys.83.1057},
}

@article{wang2009backscattering,
  doi = {10.1038/nature08293},
  url = {http://dx.doi.org/10.1038/nature08293},
  year  = {2009},
  month = {oct},
  publisher = {Nature Publishing Group},
  volume = {461},
  number = {7265},
  pages = {772--775},
  author = {Zheng Wang and Yidong Chong and J. D. Joannopoulos and Marin Solja{\v{c}}i{\'{c}}},
  title = {Observation of unidirectional backscattering-immune topological electromagnetic states},
  journal = {Nature},
}

@article{rechtsman2013floquet,
  doi = {10.1038/nature12066},
  url = {http://dx.doi.org/10.1038/nature12066},
  year  = {2013},
  month = {apr},
  publisher = {Nature Publishing Group},
  volume = {496},
  number = {7444},
  pages = {196--200},
  author = {Mikael C. Rechtsman and Julia M. Zeuner and Yonatan Plotnik and Yaakov Lumer and Daniel Podolsky and Felix Dreisow and Stefan Nolte and Mordechai Segev and Alexander Szameit},
  title = {Photonic Floquet topological insulators},
  journal = {Nature},
}

@book{bernevig2013topological,
  title={Topological insulators and topological superconductors},
  author={Bernevig, B Andrei and Hughes, Taylor L},
  year={2013},
  publisher={Princeton University Press}
}

@book{cohen1992atom,
  title={Atom-photon interactions: basic processes and applications},
  author={Cohen-Tannoudji, Claude and Dupont-Roc, Jacques and Grynberg, Gilbert and Thickstun, Patricia},
  year={1992},
  publisher={Wiley}
}

@article{bliokh2005spin,
  doi = {10.1016/j.aop.2005.03.001},
  url = {http://dx.doi.org/10.1016/j.aop.2005.03.001},
  year  = {2005},
  month = {sep},
  publisher = {Elsevier {BV}},
  volume = {319},
  number = {1},
  pages = {13--47},
  author = {K.Yu. Bliokh and Yu.P. Bliokh},
  title = {Spin gauge fields: From Berry phase to topological spin transport and Hall effects},
  journal = {Ann. Phys.},
}

@article{berry1984phase,
  doi = {10.1098/rspa.1984.0023},
  url = {http://dx.doi.org/10.1098/rspa.1984.0023},
  year  = {1984},
  month = {mar},
  publisher = {The Royal Society},
  volume = {392},
  number = {1802},
  pages = {45--57},
  author = {M. V. Berry},
  title = {Quantal Phase Factors Accompanying Adiabatic Changes},
  journal = {Proceedings of the Royal Society A: Mathematical,  Physical and Engineering Sciences},
}


@article{xiao2010berryreview,
  title = {Berry phase effects on electronic properties},
  author = {Xiao, Di and Chang, Ming-Che and Niu, Qian},
  journal = {Rev. Mod. Phys.},
  volume = {82},
  issue = {3},
  pages = {1959--2007},
  numpages = {0},
  year = {2010},
  month = {Jul},
  publisher = {American Physical Society},
  doi = {10.1103/RevModPhys.82.1959},
  url = {http://link.aps.org/doi/10.1103/RevModPhys.82.1959},
}

@article{salerno2015graphene,
  author={Grazia Salerno and Tomoki Ozawa and Hannah M Price and Iacopo Carusotto},
  title={How to directly observe Landau levels in driven-dissipative strained honeycomb lattices},
  journal={2D Materials},
  volume={2},
  number={3},
  pages={034015},
  url={http://stacks.iop.org/2053-1583/2/i=3/a=034015},
  year={2015},
  abstract={We study the driven-dissipative steady-state of a coherently driven Bose field in a honeycomb lattice geometry. In the presence of a suitable spatial modulation of the hopping amplitudes, a valley-dependent artificial magnetic field appears and the low-energy eigenmodes have the form of relativistic Landau levels. We show how the main properties of the Landau levels can be extracted by observing the peaks in the absorption spectrum of the system and the corresponding spatial intensity distribution. Finally, quantitative predictions for realistic lattices based on photonic or microwave technologies are discussed.}
}


@article{hunter2007matplotlib,
  doi = {10.1109/mcse.2007.55},
  url = {http://dx.doi.org/10.1109/MCSE.2007.55},
  year  = {2007},
  publisher = {Institute of Electrical {\&} Electronics Engineers ({IEEE})},
  volume = {9},
  number = {3},
  pages = {90--95},
  author = {John D. Hunter},
  title = {Matplotlib: A 2D Graphics Environment},
  journal = {Computing in Science {\&} Engineering}
}


@article{Grusdt2014nonabelian,
  title = {Measuring ${\mathbb{Z}}_{2}$ topological invariants in optical lattices using interferometry},
  author = {Grusdt, F. and Abanin, D. and Demler, E.},
  journal = {Phys. Rev. A},
  volume = {89},
  issue = {4},
  pages = {043621},
  numpages = {21},
  year = {2014},
  month = {Apr},
  publisher = {American Physical Society},
  doi = {10.1103/PhysRevA.89.043621},
  url = {http://link.aps.org/doi/10.1103/PhysRevA.89.043621},
}

@article{spielman2011gauge,
  doi = {10.1038/nphys1954},
  url = {http://dx.doi.org/10.1038/nphys1954},
  year  = {2011},
  month = {mar},
  publisher = {Nature Publishing Group},
  volume = {7},
  number = {7},
  pages = {531--534},
  author = {Y-J. Lin and R. L. Compton and K. Jim{\'{e}}nez-Garc{\'{\i}}a and W. D. Phillips and J. V. Porto and I. B. Spielman},
  title = {A synthetic electric force acting on neutral atoms},
  journal = {Nature Phys.}
}

@Article{1chang,
  title = {Berry Phase, Hyperorbits, and the {H}ofstadter Spectrum},
  author = {Chang, M.-C.  and Niu, Q. },
  journal = {Phys. Rev. Lett.},
  volume = {75},
  number = {7},
  pages = {1348--1351},
  numpages = {3},
  year = {1995},
  doi = {10.1103/PhysRevLett.75.1348},
  publisher = {American Physical Society}
}

@article{berry,
author = {Berry, M. V.}, 
title = {Quantal Phase Factors Accompanying Adiabatic Changes}, 
volume = {392}, 
number = {1802}, 
pages = {45-57}, 
year = {1984}, 
doi = {10.1098/rspa.1984.0023},
journal = {Proc. R. Soc. London, Ser. A} 
}

@Article{thouless,
  title = {Quantized {H}all Conductance in a Two-Dimensional Periodic Potential},
  author = {Thouless, D. J. and Kohmoto, M.  and Nightingale, M. P. and den Nijs, M. },
  journal = {Phys. Rev. Lett.},
  volume = {49},
  number = {6},
  pages = {405--408},
  numpages = {3},
  year = {1982},
  doi = {10.1103/PhysRevLett.49.405},
  publisher = {American Physical Society}
}

@Article{dudarev,
  title = {Spin-Orbit Coupling and Berry Phase with Ultracold Atoms in 2D Optical Lattices},
  author = {Dudarev, Artem M. and Diener, Roberto B. and Carusotto, Iacopo  and Niu, Qian },
  journal = {Phys. Rev. Lett.},
  volume = {92},
  number = {15},
  pages = {153005},
  numpages = {4},
  year = {2004},
  doi = {10.1103/PhysRevLett.92.153005},
  publisher = {American Physical Society}
}


@ARTICLE{cominotti,
  author={Marco Cominotti and Iacopo Carusotto},
  title={Berry curvature effects in the Bloch oscillations of a quantum particle under a strong (synthetic) magnetic field},
  journal={Europhys. Lett.},
  volume={103},
  number={1},
  pages={10001},
  url={http://stacks.iop.org/0295-5075/103/i=1/a=10001},
  year={2013}
}
	@ARTICLE{dauphin,
  title = {Extracting the Chern Number from the Dynamics of a Fermi Gas: Implementing a Quantum Hall Bar for Cold Atoms},
  author = {Dauphin, Alexandre and Goldman, Nathan},
  journal = {Phys. Rev. Lett.},
  volume = {111},
  issue = {13},
  pages = {135302},
  numpages = {5},
  year = {2013},
  month = {Sep},
  publisher = {American Physical Society},
  doi = {10.1103/PhysRevLett.111.135302},
  url = {http://link.aps.org/doi/10.1103/PhysRevLett.111.135302}
}


@article{PhysRevD.12.3845,
  title = {Concept of nonintegrable phase factors and global formulation of gauge fields},
  author = {Wu, Tai Tsun and Yang, Chen Ning},
  journal = {Phys. Rev. D},
  volume = {12},
  issue = {12},
  pages = {3845--3857},
  numpages = {0},
  year = {1975},
  month = {Dec},
  publisher = {American Physical Society},
  doi = {10.1103/PhysRevD.12.3845},
  url = {http://link.aps.org/doi/10.1103/PhysRevD.12.3845}
}


@article{cooper2012designing,
  title={Designing topological bands in reciprocal space},
  author={Cooper, N. R. and Moessner, R},
  journal={Phys. Rev. Lett.},
  volume={109},
  number={21},
  pages={215302},
  year={2012},
    url = {http://link.aps.org/doi/10.1103/PhysRevLett.109.215302},
  publisher={APS}
}

@article{adams1959energy,
  title={Energy bands in the presence of an external force fieldﾑ {II}: Anomalous velocities},
  author={Adams, E. N. and Blount, E. I. },
  journal={J. Phys. Chem. Solids},
  volume={10},
  number={4},
  pages={286--303},
  year={1959},
  url = "http://www.sciencedirect.com/science/article/pii/0022369759900046",
  publisher={Elsevier}
}


@article{nagaosa,
  title = {Anomalous {H}all effect},
  author = {Nagaosa, N. and Sinova, J. and Onoda, S. and MacDonald, A. H. and Ong, N. P.},
  journal = {Rev. Mod. Phys.},
  volume = {82},
  issue = {2},
  pages = {1539--1592},
  year = {2010},
  month = {May},
  doi = {10.1103/RevModPhys.82.1539},
  url = {http://link.aps.org/doi/10.1103/RevModPhys.82.1539},
  publisher = {American Physical Society}
}

@article{murakami2003dissipationless,
  title={Dissipationless quantum spin current at room temperature},
  author={Murakami, Shuichi and Nagaosa, Naoto and Zhang, Shou-Cheng},
  journal={Science},
  volume={301},
  number={5638},
  pages={1348--1351},
  year={2003},
  URL = {http://www.sciencemag.org/content/301/5638/1348.abstract}, 
  publisher={American Association for the Advancement of Science}
}	
	
@article{fujita,
   author = "Fujita, T. and Jalil, M. B. A. and Tan, S. G. and Murakami, S.",
   title = "Gauge fields in spintronics",
   journal = "J. Appl. Phys.",
   year = "2011",
   volume = "110",
   number = "12", 
   eid = 121301,
   pages = "-",
   url = "http://scitation.aip.org/content/aip/journal/jap/110/12/10.1063/1.3665219",
   doi = "http://dx.doi.org/10.1063/1.3665219" 
}
    
    
    @article{bliokh2005topological,
  title={Topological spin transport of a relativistic electron},
  author={Bliokh, K Yu},
  journal={Europhys. Lett.},
  volume={72},
  number={1},
  pages={7},
  year={2005},
    url={http://stacks.iop.org/0295-5075/72/i=1/a=007},
  publisher={IOP Publishing}
}


@article{gosselin2006semiclassical,
  title={Semiclassical dynamics of electrons in magnetic Bloch bands: A Hamiltonian approach},
  author={Gosselin, Pierre and M{\'e}nas, Fehrat and B{\'e}rard, Alain and Mohrbach, Herv{\'e}},
  journal={Europhys. Lett.},
  volume={76},
  number={4},
  pages={651},
  year={2006},
    url={http://stacks.iop.org/0295-5075/76/i=4/a=651},
  publisher={IOP Publishing}
}

@article{price,
  title = {Mapping the Berry curvature from semiclassical dynamics in optical lattices},
  author = {Price, H. M. and Cooper, N. R.},
  journal = {Phys. Rev. A},
  volume = {85},
  issue = {3},
  pages = {033620},
  numpages = {12},
  year = {2012},
  month = {Mar},
  doi = {10.1103/PhysRevA.85.033620},
  url = {http://link.aps.org/doi/10.1103/PhysRevA.85.033620},
  publisher = {American Physical Society}
}

@article{Fang,
author = {Fang, Zhong and others}, 
title = {The Anomalous Hall Effect and Magnetic Monopoles in Momentum Space},
volume = {302}, 
number = {5642}, 
pages = {92-95}, 
year = {2003}, 
URL = {http://www.sciencemag.org/content/302/5642/92.abstract}, 
journal = {Science} 
}


@article{dutta:1999,
  title = {Tunneling Dynamics and Gauge Potentials in Optical Lattices},
  author = {Dutta, S. K. and Teo, B. K. and Raithel, G.},
  journal = {Phys. Rev. Lett.},
  volume = {83},
  issue = {10},
  pages = {1934--1937},
  numpages = {0},
  year = {1999},
  month = {Sep},
  publisher = {American Physical Society},
  doi = {10.1103/PhysRevLett.83.1934},
  url = {http://link.aps.org/doi/10.1103/PhysRevLett.83.1934}
}

@ARTICLE{srivastava:2015,
   author = {{Srivastava}, A. and {Imamo{\u g}lu}, A.},
    title = "{Signatures of Bloch-band geometry on excitons: non-hydrogenic spectra in transition metal dichalcogenides}",
  journal = {ArXiv e-prints},
archivePrefix = "arXiv",
   eprint = {1507.04040},
 primaryClass = "cond-mat.mes-hall",
 keywords = {Condensed Matter - Mesoscale and Nanoscale Physics},
     year = 2015,
    month = jul,
   adsurl = {http://adsabs.harvard.edu/abs/2015arXiv150704040S},
  adsnote = {Provided by the SAO/NASA Astrophysics Data System}
}



@article{dum:1996,
  title = {Gauge Structures in Atom-Laser Interaction: Bloch Oscillations in a Dark Lattice},
  author = {Dum, R. and Olshanii, M.},
  journal = {Phys. Rev. Lett.},
  volume = {76},
  issue = {11},
  pages = {1788--1791},
  numpages = {0},
  year = {1996},
  month = {Mar},
  publisher = {American Physical Society},
  doi = {10.1103/PhysRevLett.76.1788},
  url = {http://link.aps.org/doi/10.1103/PhysRevLett.76.1788}
}


@article{dalibardrmp2011,
  journal = {Rev. Mod. Phys.},
  doi = {10.1103/RevModPhys.83.1523},
  issue = {4},
  author = {Dalibard, Jean and Gerbier, Fabrice and Juzeli\ifmmode \bar{u}\else \={u}\fi{}nas, Gediminas and \"Ohberg, Patrik},
  title = {\textit{Colloquium}      : Artificial gauge potentials for neutral atoms},
  year = {2011},
  publisher = {American Physical Society},
  pages = {1523--1543},
  volume = {83}
}

@article{goldman_repprog_2014,
  author={N Goldman and G Juzeli\={u}nas and P \"{O}hberg and I B Spielman},
  title={Light-induced gauge fields for ultracold atoms},
  journal={Rep. Prog. Phys.},
  volume={77},
  number={12},
  pages={126401},
  url={http://stacks.iop.org/0034-4885/77/i=12/a=126401},
  year={2014}}
}

@article{hafezi2014synthetic,
  title={Synthetic Gauge Fields with Photons},
  author={Hafezi, M},
  journal={Int. J. Mod. Phys. B},
  volume={28},
  number={02},
  pages={1441002},
  year={2014},
  publisher={World Scientific},
  URL = {http://www.worldscientific.com/doi/abs/10.1142/S0217979214410021}
}

@article{aidelsburger2015measuring,
  title={Measuring the Chern number of Hofstadter bands with ultracold bosonic atoms},
  author={Aidelsburger, Monika and Lohse, Michael and Schweizer, C and Atala, Marcos and Barreiro, Julio T and Nascimbene, S and Cooper, NR and Bloch, Immanuel and Goldman, N},
  journal={Nature Phys.},
  volume={11},
  number={2},
  pages={162--166},
  year={2015},
  publisher={Nature Publishing Group}, 
    doi = {10.1038/nphys3171},
  url = {http://dx.doi.org/10.1038/nphys3171},
}

@article{jotzu2014experimental,
  title={Experimental realization of the topological Haldane model with ultracold fermions},
  author={Jotzu, Gregor and Messer, Michael and Desbuquois, R{\'e}mi and Lebrat, Martin and Uehlinger, Thomas and Greif, Daniel and Esslinger, Tilman},
  journal={Nature},
  volume={515},
  number={7526},
  pages={237--240},
  year={2014},
  url={http://dx.doi.org/10.1038/nature13915},
  publisher={Nature Publishing Group}
}

@ARTICLE{Goldman_arxiv_2015,
   author = {{Goldman}, N. and {Cooper}, N. and {Dalibard}, J.},
    title = "{Preparing and probing Chern bands with cold atoms}",
  journal = {ArXiv e-prints},
archivePrefix = "arXiv",
   eprint = {1507.07805},
 primaryClass = "cond-mat.quant-gas",
 keywords = {Condensed Matter - Quantum Gases, Condensed Matter - Mesoscale and Nanoscale Physics},
     year = 2015,
    month = jul,
   adsurl = {http://adsabs.harvard.edu/abs/2015arXiv150707805G},
  adsnote = {Provided by the SAO/NASA Astrophysics Data System}
}


@article{Claassen_prl_2015,
  title = {Position-Momentum Duality and Fractional Quantum Hall Effect in Chern Insulators},
  author = {Claassen, Martin and Lee, Ching Hua and Thomale, Ronny and Qi, Xiao-Liang and Devereaux, Thomas P.},
  journal = {Phys. Rev. Lett.},
  volume = {114},
  issue = {23},
  pages = {236802},
  numpages = {6},
  year = {2015},
  month = {Jun},
  publisher = {American Physical Society},
  doi = {10.1103/PhysRevLett.114.236802},
  url = {http://link.aps.org/doi/10.1103/PhysRevLett.114.236802}
}


@article{scaffidi2014exact,
  title={Exact solutions of fractional Chern insulators: Interacting particles in the Hofstadter model at finite size},
  author={Scaffidi, Thomas and Simon, Steven H},
  journal={Phys. Rev. B},
  volume={90},
  number={11},
  pages={115132},
  year={2014},
    url = {http://link.aps.org/doi/10.1103/PhysRevB.90.115132},
  publisher={APS}
}

@article{umucalilar2011artificial,
  title={Artificial gauge field for photons in coupled cavity arrays},
  author={Umucal{\i}lar, RO and Carusotto, I},
  journal={Phys. Rev. A},
  volume={84},
  number={4},
  pages={043804},
  year={2011},
  publisher={APS}
}

@article{umucalilar2012fractional,
  title={Fractional quantum Hall states of photons in an array of dissipative coupled cavities},
  author={Umucal{\i}lar, RO and Carusotto, I},
  journal={Phys. Rev. Lett.},
  volume={108},
  number={20},
  pages={206809},
  year={2012},
    url = {http://link.aps.org/doi/10.1103/PhysRevLett.108.206809},
  publisher={APS}
}

@article{hafezi2013non,
  title={Non-equilibrium fractional quantum Hall state of light},
  author={Hafezi, Mohammad and Lukin, Mikhail D and Taylor, Jacob M},
  journal={New J. Phys.},
  volume={15},
  number={6},
  pages={063001},
  year={2013},
    url={http://stacks.iop.org/1367-2630/15/i=6/a=063001},
  publisher={IOP Publishing}
}

@article{tomoki2015nv,
  title={Ultracold atoms: Feel the gauge},
  author={Ozawa, Tomoki},
  journal={Nature Phys.},
  volume={11},
  number={10},
  pages={801--802},
  url={http://dx.doi.org/10.1038/nphys3447},
  year={2015}
}

@ARTICLE{tracy2015arxiv,
   author = {{Li}, T. and {Duca}, L. and {Reitter}, M. and {Grusdt}, F. and 
	{Demler}, E. and {Endres}, M. and {Schleier-Smith}, M. and {Bloch}, I. and 
	{Schneider}, U.},
    title = "{Experimental reconstruction of Wilson lines in Bloch bands}",
  journal = {ArXiv e-prints},
archivePrefix = "arXiv",
   eprint = {1509.02185},
 primaryClass = "cond-mat.quant-gas",
 keywords = {Condensed Matter - Quantum Gases, Condensed Matter - Mesoscale and Nanoscale Physics, Condensed Matter - Other Condensed Matter, Quantum Physics},
     year = 2015,
    month = sep,
   adsurl = {http://adsabs.harvard.edu/abs/2015arXiv150902185L},
  adsnote = {Provided by the SAO/NASA Astrophysics Data System}
}



@article{Toner1995,
  doi = {10.1103/physrevlett.75.4326},
  url = {http://dx.doi.org/10.1103/PhysRevLett.75.4326},
  year  = {1995},
  month = {dec},
  publisher = {American Physical Society ({APS})},
  volume = {75},
  number = {23},
  pages = {4326--4329},
  author = {John Toner and Yuhai Tu},
  title = { Long-Range Order in a Two-Dimensional Dynamical  {XY}  Model: How Birds Fly Together },
  journal = {Phys. Rev. Lett.}
}

@book{jelley1958vcerenkov,
  title={{\v{C}}erenkov radiation, and its applications},
  author={Jelley, John V},
  year={1958},
  publisher={Pergamon}
}
